id,timestamp,exchange.timestamp,price,volume,action,direction
65595247,1430438404518,1430438404000,236.47,200000000,created,bid
65595247,1430438404635,1430438404000,236.47,178855669,changed,bid
65595187,1430438404637,1430438340000,236.47,0,deleted,ask
65595181,1430438405647,1430438337000,236.08,200000000,deleted,bid
65595206,1430438405828,1430438361000,235.10,1320000000,deleted,bid
65595248,1430438405943,1430438405000,236.11,200000000,created,bid
65595172,1430438406007,1430438333000,236.67,671355612,deleted,ask
65595249,1430438406082,1430438405000,235.45,1320000000,created,bid
65595238,1430438406223,1430438388000,234.96,371140000,deleted,bid
65595250,1430438406223,1430438405000,236.46,671355612,created,ask
65595247,1430438406337,1430438404000,236.47,0,deleted,bid
65595250,1430438406339,1430438405000,236.46,492499943,changed,ask
65595251,1430438406390,1430438406000,212.35,2070000000,created,bid
65595252,1430438406532,1430438406000,254.57,80000000,created,ask
65595253,1430438406683,1430438406000,234.92,368450000,created,bid
65595254,1430438406695,1430438406000,235.67,551000000,created,bid
65595227,1430438406825,1430438383000,236.64,379520000,deleted,ask
65595255,1430438407209,1430438406000,236.65,371480000,created,ask
65594686,1430438407501,1430438045000,243.58,27680000,deleted,ask
65595256,1430438408737,1430438408000,233.87,865557792,created,bid
65595257,1430438409129,1430438408000,232.68,6400000,created,bid
65595256,1430438409411,1430438408000,233.87,865557792,deleted,bid
65595254,1430438409666,1430438406000,235.67,551000000,deleted,bid
65595258,1430438410518,1430438410000,233.87,865219836,created,bid
65595258,1430438410546,1430438410000,233.87,865219836,deleted,bid
65595253,1430438410942,1430438406000,234.92,368450000,deleted,bid
65595250,1430438411132,1430438405000,236.46,492499943,deleted,ask
65595259,1430438411285,1430438411000,234.92,366040000,created,bid
65595260,1430438411424,1430438411000,236.63,492499943,created,ask
65595261,1430438411814,1430438411000,233.86,865238171,created,bid
65595261,1430438412462,1430438411000,233.86,865238171,deleted,bid
65595197,1430438412524,1430438346000,236.10,65172401,deleted,bid
65595262,1430438412842,1430438412000,236.13,65164121,created,bid
65595257,1430438412900,1430438408000,232.68,6400000,deleted,bid
65595263,1430438413116,1430438412000,233.84,865331370,created,bid
65595246,1430438414420,1430438398000,238.12,24000000,deleted,ask
65595264,1430438414512,1430438414000,233.85,794804807,created,bid
65595244,1430438414733,1430438394000,231.17,875665349,deleted,bid
65595264,1430438414736,1430438414000,233.85,794804807,deleted,bid
65595263,1430438414896,1430438412000,233.84,865331370,deleted,bid
65595260,1430438415789,1430438411000,236.63,492499943,deleted,ask
65595265,1430438416027,1430438415000,236.64,492499943,created,ask
65595251,1430438416042,1430438406000,212.35,2070000000,deleted,bid
65595252,1430438416348,1430438406000,254.57,80000000,deleted,ask
65595259,1430438417921,1430438411000,234.92,366040000,deleted,bid
65595266,1430438418045,1430438417000,233.81,865449821,created,bid
65595267,1430438418194,1430438417000,232.59,8000000,created,bid
65595266,1430438418272,1430438417000,233.81,865449821,deleted,bid
65595268,1430438418327,1430438418000,234.93,374210000,created,bid
65595255,1430438418613,1430438406000,236.65,371480000,deleted,ask
65595269,1430438418961,1430438418000,236.64,373900000,created,ask
65595248,1430438420354,1430438405000,236.11,200000000,deleted,bid
65595270,1430438420598,1430438420000,235.68,200000000,created,bid
65595271,1430438420871,1430438420000,233.81,865435564,created,bid
65595272,1430438421280,1430438421000,236.63,1320000000,created,ask
65595207,1430438421373,1430438362000,236.66,1320000000,deleted,ask
65595273,1430438421544,1430438421000,236.63,883518572,created,bid
65595273,1430438421661,1430438421000,236.63,0,deleted,bid
65595272,1430438421664,1430438421000,236.63,436481427,changed,ask
65595274,1430438422215,1430438421000,233.82,865394584,created,bid
65595268,1430438422684,1430438418000,234.93,374210000,deleted,bid
65595275,1430438422980,1430438422000,235.68,531600000,created,bid
65595276,1430438423117,1430438422000,234.94,380080000,created,bid
65595269,1430438423293,1430438418000,236.64,373900000,deleted,ask
65595277,1430438423633,1430438423000,236.62,367320000,created,ask
65595141,1430438424223,1430438318000,236.83,614960000,deleted,ask
65595265,1430438424376,1430438415000,236.64,492499943,deleted,ask
65595278,1430438424651,1430438424000,236.76,624320000,created,ask
65595279,1430438424666,1430438424000,236.63,492499943,created,ask
65595274,1430438424774,1430438421000,233.82,865394584,deleted,bid
65595280,1430438426077,1430438425000,212.35,2070000000,created,bid
65595281,1430438426489,1430438426000,254.57,80000000,created,ask
65595282,1430438426635,1430438426000,233.83,865162263,created,bid
65595270,1430438429314,1430438420000,235.68,200000000,deleted,bid
65595283,1430438429537,1430438429000,236.14,200000000,created,bid
65595279,1430438429688,1430438424000,236.63,492499943,deleted,ask
65595284,1430438429941,1430438429000,236.61,492499943,created,ask
65595262,1430438430251,1430438412000,236.13,65164121,deleted,bid
65595285,1430438430571,1430438430000,235.70,65283004,created,bid
65595276,1430438430945,1430438422000,234.94,380080000,deleted,bid
65595282,1430438431007,1430438426000,233.83,865162263,deleted,bid
65595275,1430438431036,1430438422000,235.68,531600000,deleted,bid
65595286,1430438431334,1430438431000,234.92,378280000,created,bid
65595176,1430438431397,1430438335000,235.67,211357163,deleted,bid
65595287,1430438431479,1430438431000,238.10,24000000,created,ask
65595288,1430438431747,1430438431000,235.70,211330261,created,bid
65595289,1430438433947,1430438433000,238.15,10000000,created,ask
65595286,1430438434276,1430438431000,234.92,378280000,deleted,bid
65595290,1430438434711,1430438434000,234.92,371230000,created,bid
65595285,1430438434944,1430438430000,235.70,65283004,deleted,bid
65595291,1430438435227,1430438434000,236.16,65155843,created,bid
65595292,1430438435490,1430438435000,233.84,865112369,created,bid
65595288,1430438436110,1430438431000,235.70,211330261,deleted,bid
65595281,1430438436179,1430438426000,254.57,80000000,deleted,ask
65595293,1430438436388,1430438436000,235.64,211384070,created,bid
65595280,1430438436636,1430438425000,212.35,2070000000,deleted,bid
65595283,1430438437927,1430438429000,236.14,200000000,deleted,bid
65595294,1430438438220,1430438437000,235.71,200000000,created,bid
65595290,1430438439044,1430438434000,234.92,371230000,deleted,bid
65595287,1430438439152,1430438431000,238.10,24000000,deleted,ask
65595295,1430438439246,1430438438000,238.04,24000000,created,ask
65595296,1430438439387,1430438439000,235.71,597200000,created,bid
65595297,1430438439401,1430438439000,234.91,365410000,created,bid
65595298,1430438441046,1430438440000,233.85,804126154,created,bid
65595298,1430438442810,1430438440000,233.85,804126154,deleted,bid
65595292,1430438442819,1430438435000,233.84,865112369,deleted,bid
65595242,1430438442947,1430438392000,231.17,875665349,deleted,bid
65595299,1430438443172,1430438442000,233.84,865139746,created,bid
65595299,1430438443320,1430438442000,233.84,865139746,deleted,bid
65595291,1430438443982,1430438434000,236.16,65155843,deleted,bid
65595300,1430438444307,1430438444000,235.73,65274696,created,bid
65595294,1430438444653,1430438437000,235.71,200000000,deleted,bid
65595272,1430438444917,1430438421000,236.63,436481427,deleted,ask
65595249,1430438444920,1430438405000,235.45,1320000000,deleted,bid
65595301,1430438444955,1430438444000,235.66,200000000,created,bid
65595302,1430438444968,1430438444000,235.68,1320000000,created,bid
65595293,1430438445125,1430438436000,235.64,211384070,deleted,bid
65595303,1430438445231,1430438444000,237.87,1320000000,created,ask
65595304,1430438445371,1430438445000,233.84,865136425,created,bid
65595305,1430438445384,1430438445000,235.73,211303367,created,bid
65595297,1430438446080,1430438439000,234.91,365410000,deleted,bid
65595296,1430438446301,1430438439000,235.71,597200000,deleted,bid
65595306,1430438446405,1430438446000,212.35,2070000000,created,bid
65595307,1430438446542,1430438446000,234.94,377520000,created,bid
65595308,1430438446685,1430438446000,235.73,558400000,created,bid
65595277,1430438446685,1430438423000,236.62,367320000,deleted,ask
65595309,1430438446822,1430438446000,254.57,80000000,created,ask
65595310,1430438447089,1430438446000,236.64,369570000,created,ask
65595295,1430438447385,1430438438000,238.04,24000000,deleted,ask
65595311,1430438447481,1430438447000,237.80,24000000,created,ask
65595278,1430438447591,1430438424000,236.76,624320000,deleted,ask
65595312,1430438447992,1430438447000,236.94,621170000,created,ask
65595304,1430438448115,1430438445000,233.84,865136425,deleted,bid
65595313,1430438449243,1430438448000,233.82,865192779,created,bid
65595314,1430438450260,1430438449000,238.67,211382938,created,bid
65595314,1430438450374,1430438449000,238.67,0,deleted,bid
65595284,1430438450375,1430438429000,236.61,281117005,changed,ask
65595301,1430438450477,1430438444000,235.66,200000000,deleted,bid
65595315,1430438450676,1430438450000,235.74,200000000,created,bid
65595316,1430438450938,1430438450000,233.82,865216138,created,bid
65595307,1430438453991,1430438446000,234.94,377520000,deleted,bid
65595317,1430438454355,1430438454000,234.92,377060000,created,bid
65595308,1430438454444,1430438446000,235.73,558400000,deleted,bid
65595311,1430438454673,1430438447000,237.80,24000000,deleted,ask
65595318,1430438454744,1430438454000,238.03,24000000,created,ask
65595319,1430438455385,1430438455000,236.99,5000000000,created,ask
65595306,1430438456550,1430438446000,212.35,2070000000,deleted,bid
65595309,1430438456867,1430438446000,254.57,80000000,deleted,ask
65594939,1430438456980,1430438199000,238.44,12000000,deleted,ask
65595284,1430438457323,1430438429000,236.61,281117005,deleted,ask
65595320,1430438457532,1430438457000,236.63,281117005,created,ask
65595319,1430438457718,1430438455000,236.99,5000000000,deleted,ask
65595313,1430438458094,1430438448000,233.82,865192779,deleted,bid
65595316,1430438458095,1430438450000,233.82,865216138,deleted,bid
65595271,1430438458221,1430438420000,233.81,865435564,deleted,bid
65595317,1430438458227,1430438454000,234.92,377060000,deleted,bid
65595321,1430438458548,1430438458000,233.81,865281180,created,bid
65595322,1430438458687,1430438458000,234.92,371020000,created,bid
65595323,1430438459209,1430438458000,237.98,12000000,created,ask
65595321,1430438459750,1430438458000,233.81,865281180,deleted,bid
65595324,1430438459989,1430438459000,233.81,951062402,created,bid
65595324,1430438460117,1430438459000,233.81,951062402,deleted,bid
65595186,1430438460252,1430438339000,236.20,11168501,deleted,bid
65595325,1430438460638,1430438460000,236.27,21162230,created,bid
65595326,1430438460903,1430438460000,236.54,21138074,created,ask
65595327,1430438461042,1430438460000,233.80,865308021,created,bid
65595327,1430438461076,1430438460000,233.80,865308021,deleted,bid
65595322,1430438461093,1430438458000,234.92,371020000,deleted,bid
65595328,1430438461450,1430438461000,234.90,371010000,created,bid
65595310,1430438461702,1430438446000,236.64,369570000,deleted,ask
65595300,1430438461711,1430438444000,235.73,65274696,deleted,bid
65595329,1430438461983,1430438461000,235.76,65266390,created,bid
65595330,1430438462125,1430438461000,233.79,865340081,created,bid
65595330,1430438462134,1430438461000,233.79,865340081,deleted,bid
65595331,1430438462265,1430438461000,236.62,366000000,created,ask
65595312,1430438462608,1430438447000,236.94,621170000,deleted,ask
65595332,1430438463035,1430438462000,236.76,623410000,created,ask
65595320,1430438463405,1430438457000,236.63,281117005,deleted,ask
65595333,1430438463555,1430438463000,233.78,865384439,created,bid
65595333,1430438463607,1430438463000,233.78,865384439,deleted,bid
65595334,1430438463694,1430438463000,236.60,281117005,created,ask
65595335,1430438464854,1430438464000,233.77,865408820,created,bid
65595267,1430438465186,1430438417000,232.59,8000000,deleted,bid
65595336,1430438465883,1430438465000,233.77,865399035,created,bid
65595335,1430438466417,1430438464000,233.77,865408820,deleted,bid
65595336,1430438466418,1430438465000,233.77,865399035,deleted,bid
65595337,1430438466650,1430438466000,212.35,2070000000,created,bid
65595328,1430438466712,1430438461000,234.90,371010000,deleted,bid
65595218,1430438467009,1430438377000,236.65,2384239943,deleted,ask
65595338,1430438467043,1430438466000,254.57,80000000,created,ask
65595339,1430438467182,1430438466000,234.93,370520000,created,bid
65595331,1430438467317,1430438461000,236.62,366000000,deleted,ask
65595340,1430438467701,1430438467000,236.58,371850000,created,ask
65595225,1430438467770,1430438382000,235.10,1320000000,deleted,bid
65595341,1430438467835,1430438467000,233.77,865408820,created,bid
65595229,1430438468296,1430438383000,235.01,2613817563,deleted,bid
65595341,1430438468297,1430438467000,233.77,865408820,deleted,bid
65595072,1430438468868,1430438275000,237.68,1370200000,deleted,ask
65595315,1430438469046,1430438450000,235.74,200000000,deleted,bid
65595342,1430438469228,1430438468000,235.77,200000000,created,bid
65595334,1430438469461,1430438463000,236.60,281117005,deleted,ask
65595343,1430438469491,1430438469000,236.61,367320000,created,ask
65595344,1430438469757,1430438469000,236.53,281117005,created,ask
65595345,1430438469893,1430438469000,232.60,100000000,created,bid
65595346,1430438470036,1430438469000,236.62,928981370,created,ask
65595347,1430438470179,1430438469000,233.77,865408820,created,bid
65595348,1430438470453,1430438470000,233.78,865387627,created,bid
65595348,1430438470515,1430438470000,233.78,865387627,deleted,bid
65595222,1430438470552,1430438380000,236.76,1371060000,deleted,ask
65595115,1430438470782,1430438302000,231.28,533259425,deleted,bid
65595318,1430438471199,1430438454000,238.03,24000000,deleted,ask
65595349,1430438471222,1430438470000,236.76,1380420000,created,ask
65595350,1430438471235,1430438470000,237.76,24000000,created,ask
65595351,1430438471378,1430438471000,233.78,865385896,created,bid
65595351,1430438471436,1430438471000,233.78,865385896,deleted,bid
65595352,1430438471768,1430438471000,235.01,2244169023,created,bid
65595230,1430438472285,1430438385000,234.73,2653332959,deleted,bid
65595347,1430438472506,1430438469000,233.77,865408820,deleted,bid
65595353,1430438472788,1430438472000,233.77,865408820,created,bid
65595353,1430438472899,1430438472000,233.77,865408820,deleted,bid
65595354,1430438472940,1430438472000,234.91,1080252747,created,bid
65595355,1430438473438,1430438473000,234.73,1952655678,created,bid
65595339,1430438473769,1430438466000,234.93,370520000,deleted,bid
65595356,1430438473975,1430438473000,233.76,865444620,created,bid
65595232,1430438474011,1430438385000,237.99,7327685852,deleted,ask
65595356,1430438474047,1430438473000,233.76,865444620,deleted,bid
65595357,1430438474115,1430438473000,234.92,377780000,created,bid
65595340,1430438474276,1430438467000,236.58,371850000,deleted,ask
65595237,1430438474592,1430438387000,239.20,1769663939,deleted,ask
65595358,1430438474631,1430438474000,236.53,367860000,created,ask
65595359,1430438475019,1430438474000,233.76,865440364,created,bid
65595329,1430438475095,1430438461000,235.76,65266390,deleted,bid
65595360,1430438475158,1430438474000,237.99,8673885852,created,ask
65595361,1430438475424,1430438475000,235.79,65258086,created,bid
65595168,1430438475726,1430438331000,233.76,3515732592,deleted,bid
65595362,1430438476435,1430438476000,233.82,2989306213,created,bid
65595337,1430438476534,1430438466000,212.35,2070000000,deleted,bid
65595359,1430438476748,1430438474000,233.76,865440364,deleted,bid
65595239,1430438476831,1430438389000,231.16,5270860926,deleted,bid
65595338,1430438476831,1430438466000,254.57,80000000,deleted,ask
65595363,1430438476960,1430438476000,233.75,865473056,created,bid
65595363,1430438477161,1430438476000,233.75,865473056,deleted,bid
65595364,1430438477612,1430438477000,233.76,2256627088,created,bid
65595236,1430438478078,1430438386000,238.99,6294186806,deleted,ask
65595365,1430438478744,1430438478000,238.99,7298409439,created,ask
65595366,1430438479029,1430438478000,233.76,865466968,created,bid
65595367,1430438479269,1430438478000,239.58,1868019880,created,ask
65595350,1430438479400,1430438470000,237.76,24000000,deleted,ask
65595368,1430438479407,1430438479000,237.92,24000000,created,ask
65595178,1430438479732,1430438336000,232.59,2989115047,deleted,bid
65595366,1430438480093,1430438478000,233.76,865466968,deleted,bid
65595369,1430438480419,1430438480000,233.76,865461286,created,bid
65595370,1430438480432,1430438480000,232.59,3006125107,created,bid
65595357,1430438480718,1430438473000,234.92,377780000,deleted,bid
65595371,1430438480946,1430438480000,231.16,4873698632,created,bid
65595372,1430438481082,1430438480000,234.93,378440000,created,bid
65595342,1430438481880,1430438468000,235.77,200000000,deleted,bid
65595369,1430438482090,1430438480000,233.76,865461286,deleted,bid
65595373,1430438482095,1430438481000,235.80,200000000,created,bid
65595344,1430438482231,1430438469000,236.53,281117005,deleted,ask
65595374,1430438482484,1430438482000,236.52,281117005,created,ask
65595345,1430438482936,1430438469000,232.60,100000000,deleted,bid
65595372,1430438483518,1430438480000,234.93,378440000,deleted,bid
65595375,1430438483870,1430438483000,234.90,377460000,created,bid
65595376,1430438484260,1430438483000,233.75,865481023,created,bid
65595376,1430438484807,1430438483000,233.75,865481023,deleted,bid
65595377,1430438485542,1430438485000,233.76,865459652,created,bid
65595377,1430438485605,1430438485000,233.76,865459652,deleted,bid
65595378,1430438486581,1430438486000,233.77,865412190,created,bid
65595368,1430438487351,1430438479000,237.92,24000000,deleted,ask
65595379,1430438487364,1430438487000,237.73,24000000,created,ask
65595380,1430438487503,1430438487000,212.35,2070000000,created,bid
65595381,1430438487767,1430438487000,254.57,80000000,created,ask
65595361,1430438488491,1430438475000,235.79,65258086,deleted,bid
65595382,1430438488798,1430438488000,235.82,65249784,created,bid
65595375,1430438490134,1430438483000,234.90,377460000,deleted,bid
65595378,1430438490559,1430438486000,233.77,865412190,deleted,bid
65595383,1430438490562,1430438490000,234.92,380530000,created,bid
65595358,1430438490743,1430438474000,236.53,367860000,deleted,ask
65595384,1430438490825,1430438490000,233.77,865422725,created,bid
65595385,1430438491090,1430438490000,236.52,371450000,created,ask
65595386,1430438491351,1430438491000,232.52,3900000,created,bid
65595387,1430438492868,1430438492000,233.78,865360570,created,bid
65595387,1430438493871,1430438492000,233.78,865360570,deleted,bid
65595384,1430438493873,1430438490000,233.77,865422725,deleted,bid
65595379,1430438495293,1430438487000,237.73,24000000,deleted,ask
65595388,1430438495390,1430438495000,237.91,24000000,created,ask
65595389,1430438495529,1430438495000,230.56,534946978,created,bid
65595373,1430438495694,1430438481000,235.80,200000000,deleted,bid
65595390,1430438495917,1430438495000,235.83,200000000,created,bid
65595302,1430438496920,1430438444000,235.68,1320000000,deleted,bid
65595391,1430438497061,1430438496000,235.75,1320000000,created,bid
65595385,1430438497078,1430438490000,236.52,371450000,deleted,ask
65595380,1430438497082,1430438487000,212.35,2070000000,deleted,bid
65595381,1430438497421,1430438487000,254.57,80000000,deleted,ask
65595392,1430438497449,1430438497000,236.53,379960000,created,ask
65595393,1430438498106,1430438497000,233.77,865420562,created,bid
65595393,1430438498190,1430438497000,233.77,865420562,deleted,bid
65595394,1430438500229,1430438499000,236.59,879200000,created,ask
65595346,1430438500520,1430438469000,236.62,928981370,deleted,ask
65595223,1430438501075,1430438381000,237.12,2773423748,deleted,ask
65594366,1430438501220,1430437853000,243.24,662200000,deleted,ask
65595160,1430438501631,1430438327000,235.09,643345264,deleted,bid
65595382,1430438501828,1430438488000,235.82,65249784,deleted,bid
65595392,1430438501854,1430438497000,236.53,379960000,deleted,ask
65595395,1430438501988,1430438501000,233.74,865508321,created,bid
65595395,1430438502056,1430438501000,233.74,865508321,deleted,bid
65595396,1430438502128,1430438501000,235.85,65241484,created,bid
65595355,1430438502156,1430438473000,234.73,1952655678,deleted,bid
65595305,1430438502192,1430438445000,235.73,211303367,deleted,bid
65595397,1430438502269,1430438501000,236.52,367410000,created,ask
65595398,1430438502544,1430438502000,235.77,211267517,created,bid
65595374,1430438502603,1430438482000,236.52,281117005,deleted,ask
65595362,1430438502802,1430438476000,233.82,2989306213,deleted,bid
65595399,1430438502808,1430438502000,236.51,281117005,created,ask
65595343,1430438503262,1430438469000,236.61,367320000,deleted,ask
65595349,1430438503794,1430438470000,236.76,1380420000,deleted,ask
65595400,1430438504074,1430438503000,233.74,865528194,created,bid
65595401,1430438504462,1430438504000,236.51,673705079,created,ask
65595402,1430438504976,1430438504000,236.76,1379510000,created,ask
65595403,1430438505614,1430438505000,237.12,2029143619,created,ask
65595365,1430438506035,1430438478000,238.99,7298409439,deleted,ask
65595404,1430438506134,1430438505000,237.67,1320000000,created,ask
65595303,1430438506138,1430438444000,237.87,1320000000,deleted,ask
65595405,1430438506274,1430438505000,212.35,2070000000,created,bid
65595406,1430438506538,1430438506000,254.57,80000000,created,ask
65595397,1430438506598,1430438501000,236.52,367410000,deleted,ask
65595407,1430438506678,1430438506000,237.30,1398780129,created,ask
65595408,1430438506942,1430438506000,236.53,369040000,created,ask
65595354,1430438507240,1430438472000,234.91,1080252747,deleted,bid
65595409,1430438507331,1430438507000,233.74,865521685,created,bid
65595410,1430438507971,1430438507000,234.91,1080686585,created,bid
65595360,1430438508480,1430438474000,237.99,8673885852,deleted,ask
65595411,1430438509118,1430438508000,237.86,3029800000,created,ask
65595390,1430438509427,1430438495000,235.83,200000000,deleted,bid
65595412,1430438509633,1430438509000,235.86,200000000,created,bid
65595413,1430438509645,1430438509000,234.73,978991016,created,bid
65595414,1430438510037,1430438509000,233.74,865517733,created,bid
65595415,1430438510301,1430438510000,237.99,6343585852,created,ask
65595400,1430438510626,1430438503000,233.74,865528194,deleted,bid
65595409,1430438510629,1430438507000,233.74,865521685,deleted,bid
65595414,1430438510762,1430438509000,233.74,865517733,deleted,bid
65595416,1430438510820,1430438510000,234.54,974453422,created,bid
65595417,1430438511082,1430438510000,233.73,865545532,created,bid
65595364,1430438511281,1430438477000,233.76,2256627088,deleted,bid
65595370,1430438511848,1430438480000,232.59,3006125107,deleted,bid
65595418,1430438512121,1430438511000,233.74,865523202,created,bid
65595418,1430438512224,1430438511000,233.74,865523202,deleted,bid
65595419,1430438512512,1430438512000,233.76,3515732592,created,bid
65595420,1430438513032,1430438512000,238.99,6294186806,created,ask
65595367,1430438513546,1430438478000,239.58,1868019880,deleted,ask
65595421,1430438514171,1430438513000,239.39,2141748803,created,ask
65595179,1430438514649,1430438336000,231.35,7987226914,deleted,bid
65595422,1430438514932,1430438514000,233.73,865548111,created,bid
65595399,1430438514975,1430438502000,236.51,281117005,deleted,ask
65595423,1430438515197,1430438514000,236.50,281117005,created,ask
65595396,1430438515204,1430438501000,235.85,65241484,deleted,bid
65595424,1430438515340,1430438515000,232.59,3002024110,created,bid
65595425,1430438515476,1430438515000,235.88,65233186,created,bid
65595426,1430438515868,1430438515000,231.35,7454151886,created,bid
65595406,1430438515967,1430438506000,254.57,80000000,deleted,ask
65595405,1430438516260,1430438505000,212.35,2070000000,deleted,bid
65595427,1430438516267,1430438515000,233.73,865547192,created,bid
65595371,1430438516327,1430438480000,231.16,4873698632,deleted,bid
65595428,1430438517034,1430438516000,231.16,5270860926,created,bid
65595388,1430438518872,1430438495000,237.91,24000000,deleted,ask
65595429,1430438518923,1430438518000,237.76,24000000,created,ask
65595412,1430438524833,1430438509000,235.86,200000000,deleted,bid
65595430,1430438525076,1430438524000,235.89,200000000,created,bid
65595408,1430438525727,1430438506000,236.53,369040000,deleted,ask
65595431,1430438526071,1430438525000,236.50,381070000,created,ask
65595432,1430438526085,1430438525000,243.54,30500000,created,ask
65595433,1430438526592,1430438526000,212.35,2070000000,created,bid
65595386,1430438526687,1430438491000,232.52,3900000,deleted,bid
65595434,1430438526859,1430438526000,233.77,59950000,created,bid
65595435,1430438526997,1430438526000,254.57,80000000,created,ask
65595436,1430438527516,1430438527000,233.74,815983138,created,bid
65595429,1430438527531,1430438518000,237.76,24000000,deleted,ask
65595437,1430438527665,1430438527000,237.91,24000000,created,ask
65595185,1430438527752,1430438339000,231.17,875069535,deleted,bid
65595436,1430438527756,1430438527000,233.74,815983138,deleted,bid
65595425,1430438528545,1430438515000,235.88,65233186,deleted,bid
65595438,1430438528824,1430438528000,233.74,815983138,created,bid
65595439,1430438528837,1430438528000,235.91,65224890,created,bid
65595438,1430438529810,1430438528000,233.74,815983138,deleted,bid
65595440,1430438530125,1430438529000,233.74,865534293,created,bid
65595440,1430438530156,1430438529000,233.74,865534293,deleted,bid
65595441,1430438530905,1430438530000,233.74,865506383,created,bid
65595441,1430438531355,1430438530000,233.74,865506383,deleted,bid
65595442,1430438533433,1430438533000,233.74,865527371,created,bid
65595443,1430438533646,1430438533000,232.51,8000000,created,bid
65595442,1430438533686,1430438533000,233.74,865527371,deleted,bid
65595444,1430438534462,1430438534000,236.02,890010000,created,ask
65595325,1430438534579,1430438460000,236.27,0,deleted,bid
65595444,1430438534581,1430438534000,236.02,868847770,changed,ask
65595445,1430438534631,1430438534000,233.74,865507721,created,bid
65595445,1430438534983,1430438534000,233.74,865507721,deleted,bid
65595433,1430438535408,1430438526000,212.35,2070000000,deleted,bid
65595435,1430438535787,1430438526000,254.57,80000000,deleted,ask
65594363,1430438535829,1430437852000,235.62,850600000,deleted,bid
65595430,1430438536239,1430438524000,235.89,200000000,deleted,bid
65595446,1430438536532,1430438536000,235.92,200000000,created,bid
65595423,1430438536646,1430438514000,236.50,281117005,deleted,ask
65595447,1430438536922,1430438536000,236.49,281117005,created,ask
65595448,1430438537062,1430438536000,229.28,763700000,created,bid
65595449,1430438537455,1430438537000,233.74,865942484,created,bid
65595449,1430438537593,1430438537000,233.74,865942484,deleted,bid
65595422,1430438537784,1430438514000,233.73,865548111,deleted,bid
65595427,1430438537785,1430438515000,233.73,865547192,deleted,bid
65595417,1430438538012,1430438510000,233.73,865545532,deleted,bid
65595391,1430438540112,1430438496000,235.75,1320000000,deleted,bid
65595450,1430438540491,1430438540000,235.63,1320000000,created,bid
65595431,1430438540601,1430438525000,236.50,381070000,deleted,ask
65595451,1430438541029,1430438540000,236.48,380180000,created,ask
65595452,1430438541200,1430438540000,233.71,866050996,created,bid
65595452,1430438542438,1430438540000,233.71,866050996,deleted,bid
65595453,1430438542655,1430438542000,233.71,866062779,created,bid
65595398,1430438545039,1430438502000,235.77,211267517,deleted,bid
65595454,1430438545358,1430438545000,235.65,211375101,created,bid
65595453,1430438545622,1430438542000,233.71,866062779,deleted,bid
65595455,1430438545645,1430438545000,212.35,2070000000,created,bid
65595456,1430438546037,1430438545000,254.57,80000000,created,ask
65595457,1430438546434,1430438546000,233.71,866062994,created,bid
65595458,1430438547763,1430438547000,233.72,171769238,created,bid
65595447,1430438548142,1430438536000,236.49,281117005,deleted,ask
65595459,1430438548429,1430438548000,236.47,281117005,created,ask
65595460,1430438548970,1430438548000,233.72,866023640,created,bid
65595461,1430438550547,1430438550000,233.74,865956657,created,bid
65595461,1430438550655,1430438550000,233.74,865956657,deleted,bid
65595451,1430438550785,1430438540000,236.48,380180000,deleted,ask
65595457,1430438550825,1430438546000,233.71,866062994,deleted,bid
65595458,1430438550829,1430438547000,233.72,171769238,deleted,bid
65595460,1430438550958,1430438548000,233.72,866023640,deleted,bid
65595462,1430438551199,1430438550000,236.46,372060000,created,ask
65595463,1430438551596,1430438551000,233.71,951891363,created,bid
65595463,1430438552851,1430438551000,233.71,951891363,deleted,bid
65595464,1430438553197,1430438552000,233.71,951903620,created,bid
65595464,1430438553466,1430438552000,233.71,951903620,deleted,bid
65595419,1430438553934,1430438512000,233.76,3515732592,deleted,bid
65595401,1430438554479,1430438504000,236.51,673705079,deleted,ask
65595465,1430438554763,1430438554000,233.71,866060695,created,bid
65595465,1430438554833,1430438554000,233.71,866060695,deleted,bid
65595421,1430438555003,1430438513000,239.39,2141748803,deleted,ask
65595466,1430438555701,1430438555000,236.01,868847770,created,ask
65595455,1430438555830,1430438545000,212.35,2070000000,deleted,bid
65595456,1430438556126,1430438545000,254.57,80000000,deleted,ask
65595407,1430438556136,1430438506000,237.30,1398780129,deleted,ask
65595467,1430438556347,1430438556000,233.71,866046353,created,bid
65595468,1430438556613,1430438556000,237.02,5000000000,created,ask
65595469,1430438556759,1430438556000,236.58,1561635079,created,ask
65595403,1430438557215,1430438505000,237.12,2029143619,deleted,ask
65595459,1430438557505,1430438548000,236.47,281117005,deleted,ask
65595411,1430438557772,1430438508000,237.86,3029800000,deleted,ask
65595470,1430438557783,1430438557000,236.45,281117005,created,ask
65595471,1430438558179,1430438557000,233.72,866032678,created,bid
65595471,1430438558336,1430438557000,233.72,866032678,deleted,bid
65595472,1430438558448,1430438558000,237.12,2773423748,created,ask
65595467,1430438558529,1430438556000,233.71,866046353,deleted,bid
65595473,1430438558962,1430438558000,237.66,2690200000,created,ask
65595468,1430438559027,1430438556000,237.02,5000000000,deleted,ask
65595474,1430438559355,1430438559000,233.70,951925987,created,bid
65595415,1430438559432,1430438510000,237.99,6343585852,deleted,ask
65595475,1430438559996,1430438559000,237.99,7337685852,created,ask
65595476,1430438560514,1430438560000,233.70,951926774,created,bid
65595424,1430438560518,1430438515000,232.59,3002024110,deleted,bid
65595477,1430438561168,1430438560000,233.72,4442283437,created,bid
65595478,1430438561442,1430438561000,233.70,866079788,created,bid
65595420,1430438561628,1430438512000,238.99,6294186806,deleted,ask
65595479,1430438562228,1430438561000,238.99,6679157840,created,ask
65595002,1430438562763,1430438230000,232.07,8930616325,deleted,bid
65595474,1430438562840,1430438559000,233.70,951925987,deleted,bid
65595478,1430438562852,1430438561000,233.70,866079788,deleted,bid
65595476,1430438562980,1430438560000,233.70,951926774,deleted,bid
65595480,1430438563387,1430438563000,232.59,2978132330,created,bid
65594535,1430438563879,1430437955000,232.38,2494904539,deleted,bid
65595481,1430438563938,1430438563000,233.70,866097753,created,bid
65595481,1430438564395,1430438563000,233.70,866097753,deleted,bid
65595404,1430438564488,1430438505000,237.67,1320000000,deleted,ask
65595482,1430438564563,1430438564000,232.38,2522920203,created,bid
65595483,1430438564708,1430438564000,237.85,1320000000,created,ask
65595484,1430438565098,1430438564000,232.07,7499310566,created,bid
65595428,1430438565579,1430438516000,231.16,5270860926,deleted,bid
65595485,1430438565866,1430438565000,212.35,2070000000,created,bid
65595486,1430438566130,1430438565000,254.57,80000000,created,ask
65595487,1430438566393,1430438566000,232.03,1431552503,created,bid
65595488,1430438566911,1430438566000,231.16,4395753536,created,bid
65595450,1430438573783,1430438540000,235.63,1320000000,deleted,bid
65595489,1430438573859,1430438573000,235.78,1320000000,created,bid
65595462,1430438574829,1430438550000,236.46,372060000,deleted,ask
65595490,1430438575158,1430438574000,236.44,368880000,created,ask
65595485,1430438575933,1430438565000,212.35,2070000000,deleted,bid
65595491,1430438576050,1430438575000,235.67,296580000,created,ask
65595446,1430438576167,1430438536000,235.92,0,deleted,bid
65595491,1430438576168,1430438575000,235.67,96580000,changed,ask
65595439,1430438576197,1430438528000,235.91,0,deleted,bid
65595491,1430438576199,1430438575000,235.67,31355108,changed,ask
65595491,1430438576229,1430438575000,235.67,0,deleted,ask
65595489,1430438576229,1430438573000,235.78,1288644891,changed,bid
65595486,1430438576243,1430438565000,254.57,80000000,deleted,ask
65595443,1430438576467,1430438533000,232.51,8000000,deleted,bid
65595492,1430438576659,1430438576000,233.65,866284274,created,bid
65595492,1430438576763,1430438576000,233.65,866284274,deleted,bid
65595470,1430438579128,1430438557000,236.45,281117005,deleted,ask
65595493,1430438579308,1430438579000,236.53,281117005,created,ask
65595326,1430438579539,1430438460000,236.54,21138074,deleted,ask
65595490,1430438579592,1430438574000,236.44,368880000,deleted,ask
65595494,1430438579834,1430438579000,236.14,21173880,created,bid
65595494,1430438579959,1430438579000,236.14,0,deleted,bid
65595466,1430438579961,1430438555000,236.01,847673890,changed,ask
65595495,1430438580024,1430438579000,236.53,373570000,created,ask
65595496,1430438580174,1430438579000,236.41,21149698,created,ask
65595497,1430438580330,1430438580000,233.62,867008004,created,bid
65595497,1430438580453,1430438580000,233.62,867008004,deleted,bid
65595498,1430438580993,1430438580000,235.78,31355108,created,bid
65595499,1430438582046,1430438581000,233.63,866685816,created,bid
65595499,1430438582407,1430438581000,233.63,866685816,deleted,bid
65595500,1430438582716,1430438582000,236.41,641500000,created,ask
65595501,1430438582981,1430438582000,233.61,866748250,created,bid
65593569,1430438583637,1430437169000,243.04,684300000,deleted,ask
65595502,1430438583755,1430438583000,232.44,6000000,created,bid
65593568,1430438584638,1430437168000,235.44,916100000,deleted,bid
65595503,1430438584658,1430438584000,233.62,866723623,created,bid
65595503,1430438584713,1430438584000,233.62,866723623,deleted,bid
65595504,1430438584920,1430438584000,235.79,200000000,created,bid
65595501,1430438584960,1430438582000,233.61,866748250,deleted,bid
65595437,1430438584961,1430438527000,237.91,24000000,deleted,ask
65595493,1430438585041,1430438579000,236.53,281117005,deleted,ask
65595505,1430438585105,1430438584000,237.77,24000000,created,ask
65595506,1430438585334,1430438585000,236.43,481117005,created,ask
65595495,1430438585347,1430438579000,236.53,373570000,deleted,ask
65595507,1430438585599,1430438585000,236.39,365820000,created,ask
65595508,1430438585744,1430438585000,229.09,984300000,created,bid
65595509,1430438585996,1430438585000,212.35,2070000000,created,bid
65595510,1430438586267,1430438585000,254.57,80000000,created,ask
65595511,1430438588066,1430438587000,233.57,866889336,created,bid
65595511,1430438588282,1430438587000,233.57,866889336,deleted,bid
65595512,1430438588992,1430438588000,233.55,866971908,created,bid
65595506,1430438589254,1430438585000,236.43,481117005,deleted,ask
65595513,1430438589528,1430438589000,236.40,481117005,created,ask
65595512,1430438589693,1430438588000,233.55,866971908,deleted,bid
65595514,1430438590304,1430438590000,233.55,866971908,created,bid
65595514,1430438590383,1430438590000,233.55,866971908,deleted,bid
65595323,1430438591008,1430438458000,237.98,12000000,deleted,ask
65595515,1430438591325,1430438591000,233.55,866964145,created,bid
65595502,1430438591598,1430438583000,232.44,6000000,deleted,bid
65595515,1430438591660,1430438591000,233.55,866964145,deleted,bid
65595516,1430438593109,1430438592000,237.77,12000000,created,ask
65595517,1430438593254,1430438592000,233.54,867001108,created,bid
65595513,1430438594167,1430438589000,236.40,481117005,deleted,ask
65595518,1430438594425,1430438594000,236.38,681117005,created,ask
65595517,1430438595719,1430438592000,233.54,867001108,deleted,bid
65593261,1430438595860,1430436911000,235.26,802100000,deleted,bid
65595519,1430438595938,1430438595000,233.53,867052372,created,bid
65595509,1430438596060,1430438585000,212.35,2070000000,deleted,bid
65595520,1430438596201,1430438595000,236.23,657000000,created,ask
65595510,1430438596344,1430438585000,254.57,80000000,deleted,ask
65595519,1430438596399,1430438595000,233.53,867052372,deleted,bid
65593263,1430438596883,1430436911000,242.84,753200000,deleted,ask
65595521,1430438596968,1430438596000,232.34,6000000,created,bid
65595507,1430438597237,1430438585000,236.39,365820000,deleted,ask
65595522,1430438597240,1430438596000,228.90,996200000,created,bid
65595523,1430438597382,1430438597000,233.52,867080834,created,bid
65595523,1430438597474,1430438597000,233.52,867080834,deleted,bid
65595524,1430438597655,1430438597000,236.22,377290000,created,ask
65595489,1430438599007,1430438573000,235.78,1288644891,deleted,bid
65595498,1430438599027,1430438580000,235.78,31355108,deleted,bid
65595525,1430438599079,1430438598000,235.45,1320000000,created,bid
65593730,1430438599888,1430437290000,234.48,50000000,deleted,bid
65595526,1430438600108,1430438599000,234.29,50000000,created,bid
65595527,1430438600889,1430438600000,233.51,867136408,created,bid
65595527,1430438600907,1430438600000,233.51,867136408,deleted,bid
65595505,1430438601120,1430438584000,237.77,24000000,deleted,ask
65595528,1430438601155,1430438600000,237.35,24000000,created,ask
65595518,1430438601836,1430438594000,236.38,681117005,deleted,ask
65595524,1430438601983,1430438597000,236.22,377290000,deleted,ask
65595529,1430438602050,1430438601000,236.21,881117005,created,ask
65595530,1430438602195,1430438601000,233.50,867164977,created,bid
65595530,1430438602318,1430438601000,233.50,867164977,deleted,bid
65595531,1430438602341,1430438602000,236.01,368360000,created,ask
65595532,1430438603402,1430438603000,233.51,867146750,created,bid
65595532,1430438603490,1430438603000,233.51,867146750,deleted,bid
65595521,1430438603587,1430438596000,232.34,6000000,deleted,bid
65595533,1430438604569,1430438604000,233.50,867150507,created,bid
65595534,1430438605840,1430438605000,233.50,867157638,created,bid
65595504,1430438605877,1430438584000,235.79,200000000,deleted,bid
65595535,1430438606108,1430438605000,212.35,2070000000,created,bid
65595536,1430438606121,1430438605000,235.66,200000000,created,bid
65595529,1430438606254,1430438601000,236.21,881117005,deleted,ask
65595537,1430438606516,1430438606000,254.57,80000000,created,ask
65595538,1430438606528,1430438606000,236.22,881117005,created,ask
65595454,1430438606933,1430438545000,235.65,211375101,deleted,bid
65595539,1430438607048,1430438606000,233.50,867157468,created,bid
65595540,1430438607192,1430438606000,235.47,211536682,created,bid
65595534,1430438607297,1430438605000,233.50,867157638,deleted,bid
65595533,1430438607307,1430438604000,233.50,867150507,deleted,bid
65595539,1430438607439,1430438606000,233.50,867157468,deleted,bid
65595541,1430438608231,1430438607000,232.28,31000000,created,bid
65595528,1430438608773,1430438600000,237.35,24000000,deleted,ask
65595542,1430438608876,1430438608000,237.27,24000000,created,ask
65595543,1430438609640,1430438609000,233.50,867175778,created,bid
65595543,1430438609675,1430438609000,233.50,867175778,deleted,bid
65595544,1430438611812,1430438611000,233.49,867211256,created,bid
65595544,1430438611855,1430438611000,233.49,867211256,deleted,bid
65595545,1430438612352,1430438612000,239.23,500000000,created,ask
65595352,1430438612833,1430438471000,235.01,2244169023,deleted,bid
65595410,1430438613387,1430438507000,234.91,1080686585,deleted,bid
65595546,1430438613507,1430438613000,233.49,953165499,created,bid
65595547,1430438613648,1430438613000,237.65,1320000000,created,ask
65595483,1430438613672,1430438564000,237.85,1320000000,deleted,ask
65595546,1430438613768,1430438613000,233.49,953165499,deleted,bid
65595413,1430438613913,1430438509000,234.73,978991016,deleted,bid
65595234,1430438614467,1430438386000,234.19,1894302527,deleted,bid
65595473,1430438615019,1430438558000,237.66,2690200000,deleted,ask
65595548,1430438615460,1430438615000,233.47,867264306,created,bid
65595549,1430438615596,1430438615000,259.61,6900000,created,bid
65595549,1430438615716,1430438615000,259.61,0,deleted,bid
65595466,1430438615716,1430438555000,236.01,840773890,changed,ask
65595550,1430438615769,1430438615000,236.00,368360000,created,ask
65595537,1430438615943,1430438606000,254.57,80000000,deleted,ask
65595466,1430438616131,1430438555000,236.01,840773890,deleted,ask
65595535,1430438616238,1430438605000,212.35,2070000000,deleted,bid
65595551,1430438616547,1430438616000,233.47,867269635,created,bid
65595552,1430438616819,1430438616000,236.01,868847770,created,ask
65595469,1430438617224,1430438556000,236.58,1561635079,deleted,ask
65595553,1430438617588,1430438617000,233.47,867270317,created,bid
65595554,1430438617854,1430438617000,236.21,1538117005,created,ask
65595548,1430438618023,1430438615000,233.47,867264306,deleted,bid
65595551,1430438618030,1430438616000,233.47,867269635,deleted,bid
65595553,1430438618157,1430438617000,233.47,867270317,deleted,bid
65595555,1430438618372,1430438618000,239.45,500000000,created,ask
65595556,1430438618383,1430438618000,236.58,1541849698,created,ask
65595557,1430438619026,1430438618000,234.73,779033618,created,bid
65595558,1430438619171,1430438618000,233.47,867280313,created,bid
65595558,1430438619280,1430438618000,233.47,867280313,deleted,bid
65595416,1430438619433,1430438510000,234.54,974453422,deleted,bid
65595559,1430438620101,1430438619000,234.54,1124585597,created,bid
65595560,1430438620375,1430438620000,236.05,778900000,created,ask
65595472,1430438620548,1430438558000,237.12,2773423748,deleted,ask
65595561,1430438620912,1430438620000,233.49,867215959,created,bid
65595561,1430438621004,1430438620000,233.49,867215959,deleted,bid
65595562,1430438621176,1430438620000,237.12,3451923748,created,ask
65593022,1430438621290,1430436720000,242.64,644700000,deleted,ask
65592989,1430438621665,1430436687000,233.60,2931502681,deleted,bid
65595563,1430438621964,1430438621000,233.49,867189640,created,bid
65595563,1430438622098,1430438621000,233.49,867189640,deleted,bid
65595564,1430438622364,1430438622000,234.37,930807762,created,bid
65595538,1430438622623,1430438606000,236.22,881117005,deleted,ask
65594616,1430438622800,1430438000000,234.01,4132184914,deleted,bid
65595565,1430438622891,1430438622000,236.20,881117005,created,ask
65595566,1430438623029,1430438622000,233.49,867194396,created,bid
65595477,1430438623353,1430438560000,233.72,4442283437,deleted,bid
65595566,1430438623537,1430438622000,233.49,867194396,deleted,bid
65595567,1430438623933,1430438623000,234.01,5145764647,created,bid
65595568,1430438624076,1430438623000,233.50,867177586,created,bid
65595568,1430438624096,1430438623000,233.50,867177586,deleted,bid
65595542,1430438624182,1430438608000,237.27,24000000,deleted,ask
65595569,1430438624219,1430438623000,237.52,24000000,created,ask
65592929,1430438624344,1430436647000,235.08,643400000,deleted,bid
65595475,1430438624469,1430438559000,237.99,7337685852,deleted,ask
65595570,1430438625124,1430438624000,237.84,3005800000,created,ask
65595571,1430438625268,1430438624000,233.50,867179288,created,bid
65595571,1430438625281,1430438624000,233.50,867179288,deleted,bid
65595572,1430438625687,1430438625000,233.76,3575682591,created,bid
65595573,1430438625697,1430438625000,228.71,648800000,created,bid
65595574,1430438626088,1430438625000,212.35,2070000000,created,bid
65595575,1430438626227,1430438625000,233.64,2154474775,created,bid
65595576,1430438626494,1430438626000,254.57,80000000,created,ask
65595577,1430438626638,1430438626000,233.49,867213643,created,bid
65595577,1430438626654,1430438626000,233.49,867213643,deleted,bid
65595479,1430438626731,1430438561000,238.99,6679157840,deleted,ask
65595565,1430438627288,1430438622000,236.20,881117005,deleted,ask
65595578,1430438627289,1430438627000,237.99,6343585852,created,ask
65595579,1430438627573,1430438627000,236.04,881117005,created,ask
65595482,1430438627836,1430438564000,232.38,2522920203,deleted,bid
65595580,1430438627969,1430438627000,239.76,500000000,created,ask
65595581,1430438628485,1430438628000,233.51,2511117936,created,bid
65595480,1430438629498,1430438563000,232.59,2978132330,deleted,bid
65595582,1430438630141,1430438629000,232.59,2998125451,created,bid
65595583,1430438630668,1430438630000,232.38,2494904539,created,bid
65595484,1430438631193,1430438564000,232.07,7499310566,deleted,bid
65595487,1430438631747,1430438566000,232.03,1431552503,deleted,bid
65595584,1430438632358,1430438632000,232.07,8930616325,created,bid
65595541,1430438632924,1430438607000,232.28,31000000,deleted,bid
65595585,1430438634627,1430438634000,238.86,592039879,created,ask
65595576,1430438635889,1430438626000,254.57,80000000,deleted,ask
65595574,1430438636181,1430438625000,212.35,2070000000,deleted,bid
65595586,1430438637778,1430438637000,232.21,8200000,created,bid
65595496,1430438640145,1430438579000,236.41,21149698,deleted,ask
65595587,1430438640494,1430438640000,236.01,21185543,created,bid
65595587,1430438640614,1430438640000,236.01,0,deleted,bid
65595550,1430438640615,1430438615000,236.00,347174457,changed,ask
65595588,1430438640798,1430438640000,236.28,21161334,created,ask
65595589,1430438641708,1430438641000,233.46,867329760,created,bid
65595589,1430438642090,1430438641000,233.46,867329760,deleted,bid
65595590,1430438642902,1430438642000,233.44,867410942,created,bid
65595590,1430438643066,1430438642000,233.44,867410942,deleted,bid
65595591,1430438644921,1430438644000,233.42,867457508,created,bid
65595526,1430438645299,1430438599000,234.29,50000000,deleted,bid
65595592,1430438645564,1430438645000,234.14,50000000,created,bid
65595591,1430438645920,1430438644000,233.42,867457508,deleted,bid
65595593,1430438645950,1430438645000,212.35,2070000000,created,bid
65595594,1430438646090,1430438645000,243.44,29060000,created,ask
65595595,1430438646228,1430438645000,233.41,867513903,created,bid
65595596,1430438646373,1430438646000,254.57,80000000,created,ask
65595597,1430438646885,1430438646000,233.89,57299999,created,bid
65595595,1430438647273,1430438645000,233.41,867513903,deleted,bid
65595579,1430438647373,1430438627000,236.04,881117005,deleted,ask
65541444,1430438647475,1430409084000,233.85,500000000,deleted,bid
65595536,1430438647525,1430438605000,235.66,200000000,deleted,bid
65595389,1430438648084,1430438495000,230.56,534946978,deleted,bid
65595569,1430438648265,1430438623000,237.52,24000000,deleted,ask
65595598,1430438648274,1430438647000,237.37,24000000,created,ask
65541423,1430438648411,1430409077000,233.75,500000000,deleted,bid
65593630,1430438648470,1430437202000,246.39,884446999,deleted,ask
65595599,1430438648552,1430438648000,233.42,867475662,created,bid
65595600,1430438648944,1430438648000,245.13,884446999,created,ask
65528125,1430438649091,1430403390000,232.15,500000000,deleted,bid
65595601,1430438649858,1430438649000,233.43,867449079,created,bid
65595601,1430438649882,1430438649000,233.43,867449079,deleted,bid
65528112,1430438650003,1430403385000,232.05,1000000000,deleted,bid
65528101,1430438650801,1430403379000,231.65,500000000,deleted,bid
65528081,1430438651681,1430403374000,231.55,1000000000,deleted,bid
65595602,1430438652531,1430438652000,233.42,867463908,created,bid
65595602,1430438652611,1430438652000,233.42,867463908,deleted,bid
65595599,1430438652618,1430438648000,233.42,867475662,deleted,bid
65595547,1430438654901,1430438613000,237.65,1320000000,deleted,ask
65595603,1430438654948,1430438654000,235.02,1320000000,created,bid
65595525,1430438654956,1430438598000,235.45,1320000000,deleted,bid
65595604,1430438654963,1430438654000,234.02,3740000000,created,bid
65595596,1430438655909,1430438646000,254.57,80000000,deleted,ask
65595593,1430438656251,1430438645000,212.35,2070000000,deleted,bid
65595605,1430438657932,1430438657000,233.37,867665481,created,bid
65595605,1430438657994,1430438657000,233.37,867665481,deleted,bid
65595444,1430438658915,1430438534000,236.02,868847770,deleted,ask
65595606,1430438659267,1430438658000,233.36,867708025,created,bid
65595606,1430438659293,1430438658000,233.36,867708025,deleted,bid
65595540,1430438659652,1430438606000,235.47,211536682,deleted,bid
65595607,1430438659923,1430438659000,235.04,211923684,created,bid
65595608,1430438660718,1430438660000,233.34,867761400,created,bid
65595609,1430438661766,1430438661000,233.36,867698590,created,bid
65595609,1430438661840,1430438661000,233.36,867698590,deleted,bid
65595610,1430438661910,1430438661000,235.45,2239496800,created,ask
65594360,1430438662032,1430437852000,235.65,0,deleted,bid
65595610,1430438662033,1430438661000,235.45,2139496799,changed,ask
65588772,1430438662075,1430433624000,235.55,0,deleted,bid
65595610,1430438662078,1430438661000,235.45,1731536678,changed,ask
65595608,1430438662974,1430438660000,233.34,867761400,deleted,bid
65595611,1430438663263,1430438662000,233.34,867773074,created,bid
65595586,1430438663831,1430438637000,232.21,8200000,deleted,bid
65595611,1430438664129,1430438662000,233.34,867773074,deleted,bid
65595531,1430438664540,1430438602000,236.01,368360000,deleted,ask
65595612,1430438664542,1430438664000,233.33,868380815,created,bid
65595612,1430438664679,1430438664000,233.33,868380815,deleted,bid
65595613,1430438664682,1430438664000,271.40,22173107,created,bid
65595613,1430438664801,1430438664000,271.40,0,deleted,bid
65595610,1430438664804,1430438661000,235.45,1709363572,changed,ask
65595614,1430438664863,1430438664000,235.66,200000000,created,bid
65595552,1430438664906,1430438616000,236.01,868847770,deleted,ask
65595614,1430438664980,1430438664000,235.66,0,deleted,bid
65595610,1430438664984,1430438661000,235.45,1509363572,changed,ask
65595615,1430438665032,1430438664000,235.99,369830000,created,ask
65595616,1430438665044,1430438664000,235.99,1281117005,created,ask
65595554,1430438665425,1430438617000,236.21,1538117005,deleted,ask
65595617,1430438665954,1430438665000,212.35,2070000000,created,bid
65595618,1430438665967,1430438665000,233.33,868383290,created,bid
65595564,1430438666006,1430438622000,234.37,930807762,deleted,bid
65595619,1430438666378,1430438666000,254.57,80000000,created,ask
65595620,1430438666524,1430438666000,235.40,868847770,created,ask
65595620,1430438666648,1430438666000,235.40,863796793,changed,ask
65580215,1430438666649,1430428764000,235.40,0,deleted,bid
65595570,1430438666656,1430438624000,237.84,3005800000,deleted,ask
65595618,1430438666732,1430438665000,233.33,868383290,deleted,bid
65595621,1430438667088,1430438666000,233.33,868514274,created,bid
65594891,1430438667102,1430438166000,231.56,3133577469,deleted,bid
65595621,1430438667171,1430438666000,233.33,868514274,deleted,bid
65595550,1430438667745,1430438615000,236.00,347174457,deleted,ask
65595622,1430438667755,1430438667000,232.12,25000000,created,bid
65595623,1430438668159,1430438667000,235.43,93446035,created,ask
65595624,1430438668436,1430438668000,236.00,368360000,created,ask
65595625,1430438669088,1430438668000,236.04,778900000,created,ask
65595626,1430438669477,1430438669000,236.87,5050977,created,ask
65595556,1430438669542,1430438618000,236.58,1541849698,deleted,ask
65595627,1430438669754,1430438669000,233.33,868557908,created,bid
65595628,1430438670290,1430438670000,236.22,678161334,created,ask
65595627,1430438670567,1430438669000,233.33,868557908,deleted,bid
65595562,1430438670731,1430438620000,237.12,3451923748,deleted,ask
65595629,1430438671203,1430438670000,235.41,118882994,created,bid
65595616,1430438671308,1430438664000,235.99,1281117005,deleted,ask
65595629,1430438671317,1430438670000,235.41,0,deleted,bid
65595620,1430438671319,1430438666000,235.40,744913798,changed,ask
65595630,1430438671372,1430438671000,233.32,954713545,created,bid
65595630,1430438671431,1430438671000,233.32,954713545,deleted,bid
65595631,1430438671514,1430438671000,236.58,1520700000,created,ask
65595632,1430438671526,1430438671000,235.99,1481117005,created,ask
65595633,1430438671918,1430438671000,237.12,2797423748,created,ask
65595575,1430438672419,1430438625000,233.64,2154474775,deleted,bid
65595634,1430438672560,1430438672000,233.23,868927388,created,bid
65595635,1430438673097,1430438672000,234.19,1944291850,created,bid
65595636,1430438673503,1430438673000,233.24,868902782,created,bid
65595567,1430438673578,1430438623000,234.01,5145764647,deleted,bid
65595636,1430438673882,1430438673000,233.24,868902782,deleted,bid
65595637,1430438674291,1430438674000,234.03,3739680389,created,bid
65595634,1430438674339,1430438672000,233.23,868927388,deleted,bid
65595638,1430438674701,1430438674000,230.56,534946978,created,bid
65595572,1430438674726,1430438625000,233.76,3575682591,deleted,bid
65595639,1430438675117,1430438674000,233.24,868911249,created,bid
65595639,1430438675156,1430438674000,233.24,868911249,deleted,bid
65595640,1430438675383,1430438675000,234.01,4236535528,created,bid
65595619,1430438675819,1430438666000,254.57,80000000,deleted,ask
65595632,1430438675820,1430438671000,235.99,1481117005,deleted,ask
65595641,1430438675930,1430438675000,237.68,1382200000,created,ask
65595642,1430438676068,1430438675000,235.98,1600000000,created,ask
65595617,1430438676127,1430438665000,212.35,2070000000,deleted,bid
65595093,1430438676480,1430438285000,232.17,1784214971,deleted,bid
65595610,1430438676569,1430438661000,235.45,1509363572,deleted,ask
65595643,1430438677121,1430438676000,233.33,868577209,created,bid
65595644,1430438677137,1430438676000,233.76,2528402515,created,bid
65595643,1430438677157,1430438676000,233.33,868577209,deleted,bid
65595581,1430438677596,1430438628000,233.51,2511117936,deleted,bid
65595645,1430438678430,1430438678000,233.60,2931502681,created,bid
65595646,1430438678820,1430438678000,233.33,868575245,created,bid
65595578,1430438678862,1430438627000,237.99,6343585852,deleted,ask
65595646,1430438678873,1430438678000,233.33,868575245,deleted,bid
65595647,1430438679461,1430438679000,237.99,7301685852,created,ask
65595648,1430438679979,1430438679000,233.32,868592546,created,bid
65595649,1430438680117,1430438679000,238.82,1515739879,created,ask
65595650,1430438680633,1430438680000,238.99,5518520053,created,ask
65595642,1430438680735,1430438675000,235.98,1600000000,deleted,ask
65595651,1430438681026,1430438680000,235.98,1800000000,created,ask
65595092,1430438681067,1430438284000,232.23,2000000000,deleted,bid
65595652,1430438681542,1430438681000,233.32,868594287,created,bid
65595584,1430438681646,1430438632000,232.07,8930616325,deleted,bid
65595652,1430438681948,1430438681000,233.32,868594287,deleted,bid
65595653,1430438682059,1430438681000,235.00,1269156178,created,ask
65572505,1430438682179,1430425227000,235.37,0,deleted,bid
65595653,1430438682180,1430438681000,235.00,1249156178,changed,ask
65595648,1430438682200,1430438679000,233.32,868592546,deleted,bid
65595607,1430438682215,1430438659000,235.04,0,deleted,bid
65595653,1430438682218,1430438681000,235.00,1037232494,changed,ask
65595383,1430438682232,1430438490000,234.92,380530000,deleted,bid
65595603,1430438682247,1430438654000,235.02,282767506,changed,bid
65595653,1430438682248,1430438681000,235.00,0,deleted,ask
65595654,1430438682308,1430438682000,232.23,3292146707,created,bid
65595615,1430438682535,1430438664000,235.99,369830000,deleted,ask
65595655,1430438682583,1430438682000,233.32,868618226,created,bid
65595655,1430438682672,1430438682000,233.32,868618226,deleted,bid
65595656,1430438682849,1430438682000,232.07,7930745594,created,bid
65595657,1430438682989,1430438682000,235.97,374820000,created,ask
65595658,1430438683136,1430438682000,234.05,1000000000,created,bid
65592568,1430438683369,1430436415000,231.85,1876062495,deleted,bid
65595659,1430438683674,1430438683000,236.10,10000000,created,ask
65595660,1430438684081,1430438683000,231.85,2711627687,created,bid
65595661,1430438684356,1430438684000,235.38,200000000,created,ask
65595426,1430438684475,1430438515000,231.35,7454151886,deleted,bid
65595662,1430438685151,1430438684000,231.35,8251754690,created,bid
65595663,1430438685435,1430438685000,233.31,869129887,created,bid
65595664,1430438685578,1430438685000,235.87,664200000,created,ask
65595665,1430438685721,1430438685000,230.67,7573567561,created,bid
65595666,1430438685866,1430438685000,212.35,2070000000,created,bid
65595667,1430438686144,1430438685000,254.57,80000000,created,ask
65595663,1430438686184,1430438685000,233.31,869129887,deleted,bid
65590309,1430438686363,1430434857000,242.44,660900000,deleted,ask
65595661,1430438686400,1430438684000,235.02,200000000,changed,ask
65595603,1430438686532,1430438654000,235.02,82767506,changed,bid
65595661,1430438686534,1430438684000,235.02,0,deleted,ask
65595657,1430438687046,1430438682000,235.97,374820000,deleted,ask
65595668,1430438687229,1430438686000,233.32,869078346,created,bid
65595669,1430438687505,1430438687000,235.86,366210000,created,ask
65595668,1430438687868,1430438686000,233.32,869078346,deleted,bid
65595651,1430438688252,1430438680000,235.98,1800000000,deleted,ask
65595592,1430438688297,1430438645000,234.14,50000000,deleted,bid
65595670,1430438688553,1430438688000,235.96,1800000000,created,ask
65595671,1430438688692,1430438688000,233.94,50000000,created,bid
65595672,1430438688831,1430438688000,235.03,100000000,created,bid
65595673,1430438688969,1430438688000,235.38,100000000,created,ask
65595674,1430438689602,1430438689000,230.11,810000000,created,bid
65595675,1430438690620,1430438690000,233.30,869139410,created,bid
65595676,1430438690761,1430438690000,241.25,859000000,created,ask
65595675,1430438691775,1430438690000,233.30,869139410,deleted,bid
65595677,1430438692192,1430438691000,233.30,869139410,created,bid
65595677,1430438692319,1430438691000,233.30,869139410,deleted,bid
65595670,1430438693053,1430438688000,235.96,1800000000,deleted,ask
65595678,1430438693247,1430438692000,235.85,1800000000,created,ask
65595679,1430438693393,1430438693000,233.36,1000000000,created,bid
65595669,1430438694129,1430438687000,235.86,366210000,deleted,ask
65595680,1430438694449,1430438694000,233.30,869163601,created,bid
65595681,1430438694594,1430438694000,235.84,373680000,created,ask
65595680,1430438694787,1430438694000,233.30,869163601,deleted,bid
65595598,1430438695192,1430438647000,237.37,24000000,deleted,ask
65595682,1430438695510,1430438695000,233.31,869128252,created,bid
65595682,1430438696090,1430438695000,233.31,869128252,deleted,bid
65595666,1430438696093,1430438685000,212.35,2070000000,deleted,bid
65595667,1430438696397,1430438685000,254.57,80000000,deleted,ask
65595683,1430438696985,1430438696000,233.26,869318310,created,bid
65595683,1430438697346,1430438696000,233.26,869318310,deleted,bid
65595684,1430438697579,1430438697000,239.21,19950000,created,ask
65595622,1430438697662,1430438667000,232.12,25000000,deleted,bid
65595685,1430438697985,1430438697000,233.25,869330184,created,bid
65595685,1430438698224,1430438697000,233.25,869330184,deleted,bid
65595686,1430438699426,1430438699000,234.50,4000000000,created,ask
65595672,1430438699548,1430438688000,235.03,0,deleted,bid
65595686,1430438699549,1430438699000,234.50,3900000000,changed,ask
65595603,1430438699586,1430438654000,235.02,0,deleted,bid
65595686,1430438699589,1430438699000,234.50,3817232494,changed,ask
65592687,1430438699623,1430436473000,235.01,0,deleted,bid
65595686,1430438699625,1430438699000,234.50,3787232494,changed,ask
65592689,1430438699653,1430436474000,235.01,0,deleted,bid
65595686,1430438699656,1430438699000,234.50,3587232494,changed,ask
65572932,1430438699685,1430425377000,235.00,0,deleted,bid
65595686,1430438699687,1430438699000,234.50,1587232494,changed,ask
65577727,1430438699719,1430427371000,235.00,0,deleted,bid
65595686,1430438699719,1430438699000,234.50,1582960494,changed,ask
65592666,1430438699748,1430436465000,234.99,0,deleted,bid
65595686,1430438699750,1430438699000,234.50,1572891620,changed,ask
65590366,1430438699779,1430434876000,234.90,0,deleted,bid
65595686,1430438699780,1430438699000,234.50,872691620,changed,ask
65595557,1430438699810,1430438618000,234.73,0,deleted,bid
65595686,1430438699811,1430438699000,234.50,93658002,changed,ask
65590362,1430438699841,1430434875000,234.72,685441998,changed,bid
65595686,1430438699842,1430438699000,234.50,0,deleted,ask
65595687,1430438699893,1430438699000,238.00,4272000,created,ask
65595688,1430438700038,1430438699000,233.19,869556667,created,bid
65595688,1430438700139,1430438699000,233.19,869556667,deleted,bid
65595588,1430438700166,1430438640000,236.28,21161334,deleted,ask
65595689,1430438700618,1430438700000,235.88,21197219,created,bid
65595689,1430438700722,1430438700000,235.88,0,deleted,bid
65595673,1430438700725,1430438688000,235.38,78802781,changed,ask
65595690,1430438700777,1430438700000,228.52,939700000,created,bid
65595691,1430438700914,1430438700000,236.15,21172983,created,ask
65595692,1430438700927,1430438700000,235.00,113791718,created,ask
65595693,1430438700941,1430438700000,235.00,3791246600,created,ask
65595694,1430438701212,1430438700000,233.22,869454181,created,bid
65595694,1430438701460,1430438700000,233.22,869454181,deleted,bid
65595695,1430438701737,1430438701000,235.69,676800000,created,ask
65595692,1430438702381,1430438700000,234.72,113791718,changed,ask
65595692,1430438702506,1430438700000,234.72,0,deleted,ask
65590362,1430438702510,1430434875000,234.72,571650280,changed,bid
65590311,1430438702668,1430434858000,242.25,658300000,deleted,ask
65595678,1430438703000,1430438692000,235.85,1800000000,deleted,ask
65595696,1430438703200,1430438702000,232.36,1000000000,created,bid
65595697,1430438703351,1430438703000,235.83,1800000000,created,ask
65595681,1430438703716,1430438694000,235.84,373680000,deleted,ask
65595698,1430438703875,1430438703000,235.38,212422466,created,ask
65595699,1430438704011,1430438703000,233.28,868782543,created,bid
65595699,1430438704109,1430438703000,233.28,868782543,deleted,bid
65595700,1430438704149,1430438703000,235.66,379670000,created,ask
65595701,1430438704415,1430438704000,235.02,1320000000,created,bid
65595701,1430438704529,1430438704000,235.02,0,deleted,bid
65595693,1430438704530,1430438700000,235.00,2471246600,changed,ask
65595604,1430438704553,1430438654000,234.02,3740000000,deleted,bid
65595702,1430438704580,1430438704000,237.11,1320000000,created,ask
65590362,1430438704670,1430434875000,234.72,571650280,deleted,bid
65595703,1430438704981,1430438704000,234.61,597400000,created,bid
65595704,1430438705626,1430438705000,232.07,100000000,created,bid
65595703,1430438705704,1430438704000,234.61,597400000,deleted,bid
65595705,1430438706015,1430438705000,228.33,931100000,created,bid
65595706,1430438706160,1430438705000,212.35,2070000000,created,bid
65595707,1430438706431,1430438706000,254.57,80000000,created,ask
65595708,1430438706568,1430438706000,233.16,870062637,created,bid
65595708,1430438706690,1430438706000,233.16,870062637,deleted,bid
65595697,1430438708083,1430438703000,235.83,1800000000,deleted,ask
65595709,1430438708372,1430438708000,235.68,1800000000,created,ask
65595700,1430438708464,1430438703000,235.66,379670000,deleted,ask
65595710,1430438708743,1430438708000,233.16,869704841,created,bid
65595711,1430438708886,1430438708000,235.70,371390000,created,ask
65595710,1430438708936,1430438708000,233.16,869704841,deleted,bid
65595712,1430438709785,1430438709000,233.23,869432387,created,bid
65595713,1430438710300,1430438710000,238.23,317000000,created,bid
65595704,1430438710343,1430438705000,232.07,100000000,deleted,bid
65595713,1430438710420,1430438710000,238.23,0,deleted,bid
65595693,1430438710430,1430438700000,235.00,2154246600,changed,ask
65595714,1430438711500,1430438711000,235.01,30000000,created,bid
65595714,1430438711619,1430438711000,235.01,0,deleted,bid
65595693,1430438711621,1430438700000,235.00,2124246600,changed,ask
65595715,1430438712560,1430438712000,235.01,200000000,created,bid
65595715,1430438712685,1430438712000,235.01,0,deleted,bid
65595693,1430438712687,1430438700000,235.00,1924246600,changed,ask
65595711,1430438713334,1430438708000,235.70,371390000,deleted,ask
65595716,1430438713767,1430438713000,235.66,367960000,created,ask
65595717,1430438713912,1430438713000,233.26,869312277,created,bid
65595671,1430438714107,1430438688000,233.94,50000000,deleted,bid
65595718,1430438714318,1430438714000,234.08,50000000,created,bid
65595717,1430438714974,1430438713000,233.26,869312277,deleted,bid
65595719,1430438715243,1430438714000,233.25,869366159,created,bid
65595707,1430438715984,1430438706000,254.57,80000000,deleted,ask
65595720,1430438716020,1430438715000,231.14,1000000000,created,bid
65595289,1430438716042,1430438433000,238.15,10000000,deleted,ask
65595721,1430438716154,1430438715000,233.26,869317704,created,bid
65595721,1430438716204,1430438715000,233.26,869317704,deleted,bid
65595706,1430438716270,1430438705000,212.35,2070000000,deleted,bid
65595722,1430438718046,1430438717000,237.63,10000000,created,ask
65595719,1430438718257,1430438714000,233.25,869366159,deleted,bid
65595723,1430438718452,1430438718000,232.02,59400000,created,bid
65595724,1430438718603,1430438718000,238.51,10068874,created,ask
65595709,1430438718718,1430438708000,235.68,1800000000,deleted,ask
65595725,1430438719008,1430438718000,235.65,1800000000,created,ask
65595726,1430438719809,1430438719000,235.00,4000000,created,bid
65595727,1430438719823,1430438719000,233.25,869366159,created,bid
65595693,1430438719942,1430438700000,235.00,1920246600,changed,ask
65595726,1430438719954,1430438719000,235.00,0,deleted,bid
65595727,1430438720012,1430438719000,233.25,869366159,deleted,bid
65595716,1430438720648,1430438713000,235.66,367960000,deleted,ask
65595728,1430438720889,1430438720000,233.24,869390535,created,bid
65595729,1430438721032,1430438720000,235.51,373160000,created,ask
65595728,1430438721754,1430438720000,233.24,869390535,deleted,bid
65595730,1430438722060,1430438721000,233.23,869422003,created,bid
65595723,1430438722209,1430438718000,232.02,59400000,deleted,bid
65595731,1430438722339,1430438722000,234.20,3740000000,created,bid
65595732,1430438722357,1430438722000,234.70,1320000000,created,bid
65595733,1430438723020,1430438722000,233.24,235849056,created,bid
65595733,1430438723984,1430438722000,233.24,235849056,deleted,bid
65595734,1430438724059,1430438723000,230.69,256000000,created,bid
65595638,1430438724982,1430438674000,230.56,534946978,deleted,bid
65595735,1430438725208,1430438724000,240.32,206000000,created,ask
65595712,1430438725568,1430438709000,233.23,869432387,deleted,bid
65595730,1430438725591,1430438721000,233.23,869422003,deleted,bid
65595736,1430438726104,1430438725000,212.35,2070000000,created,bid
65595737,1430438726503,1430438726000,230.00,827999999,created,bid
65595738,1430438726648,1430438726000,254.57,80000000,created,ask
65595739,1430438727046,1430438726000,233.24,235849056,created,bid
65595739,1430438727177,1430438726000,233.24,235849056,deleted,bid
65595740,1430438727683,1430438727000,241.04,865000000,created,ask
65595741,1430438728201,1430438727000,233.24,235849056,created,bid
65595741,1430438728409,1430438727000,233.24,235849056,deleted,bid
65595742,1430438728987,1430438728000,228.27,3292000000,created,bid
65595743,1430438729396,1430438729000,233.25,235849056,created,bid
65595743,1430438729464,1430438729000,233.25,235849056,deleted,bid
65595731,1430438729581,1430438722000,234.20,3740000000,deleted,bid
65595732,1430438729593,1430438722000,234.70,1320000000,deleted,bid
65595744,1430438729661,1430438729000,234.62,1320000000,created,bid
65595745,1430438729799,1430438729000,236.57,1320000000,created,ask
65595702,1430438729806,1430438704000,237.11,1320000000,deleted,ask
65595729,1430438730184,1430438720000,235.51,373160000,deleted,ask
65595746,1430438730188,1430438729000,242.85,3290999999,created,ask
65595559,1430438730414,1430438619000,234.54,1124585597,deleted,bid
65595747,1430438730585,1430438730000,235.49,371490000,created,ask
65595725,1430438730722,1430438718000,235.65,1800000000,deleted,ask
65595748,1430438730848,1430438730000,232.07,100000000,created,bid
65595635,1430438730924,1430438672000,234.19,1944291850,deleted,bid
65595749,1430438730986,1430438730000,235.68,1800000000,created,ask
65595637,1430438731505,1430438674000,234.03,3739680389,deleted,bid
65595750,1430438732159,1430438731000,234.54,649486441,created,bid
65595751,1430438732690,1430438732000,234.37,880824829,created,bid
65595752,1430438732834,1430438732000,270.25,11049357,created,bid
65595752,1430438732958,1430438732000,270.25,0,deleted,bid
65595693,1430438732960,1430438700000,235.00,1909197242,changed,ask
65595753,1430438733272,1430438732000,235.37,291225247,created,ask
65595650,1430438733755,1430438680000,238.99,5518520053,deleted,ask
65595754,1430438733805,1430438733000,233.25,869370882,created,bid
65595754,1430438733845,1430438733000,233.25,869370882,deleted,bid
65595755,1430438734331,1430438734000,235.39,838359833,created,ask
65595748,1430438734381,1430438730000,232.07,100000000,deleted,bid
65595756,1430438734852,1430438734000,234.70,30000000,created,bid
65595640,1430438734893,1430438675000,234.01,4236535528,deleted,bid
65595645,1430438735448,1430438678000,233.60,2931502681,deleted,bid
65595747,1430438735764,1430438730000,235.49,371490000,deleted,ask
65595757,1430438735890,1430438735000,234.70,200000000,created,bid
65595758,1430438735906,1430438735000,233.24,869390503,created,bid
65595759,1430438736052,1430438735000,234.01,6300256284,created,bid
65595738,1430438736055,1430438726000,254.57,80000000,deleted,ask
65595760,1430438736197,1430438735000,235.44,381640000,created,ask
65595736,1430438736423,1430438725000,212.35,2070000000,deleted,bid
65595749,1430438736439,1430438730000,235.68,1800000000,deleted,ask
65595624,1430438736564,1430438668000,236.00,368360000,deleted,ask
65595761,1430438736711,1430438736000,235.64,1800000000,created,ask
65595762,1430438737224,1430438736000,235.64,2844760000,created,ask
65595763,1430438737739,1430438737000,233.64,2154474775,created,bid
65595625,1430438738233,1430438668000,236.04,778900000,deleted,ask
65595764,1430438738385,1430438738000,233.25,869368774,created,bid
65595764,1430438738506,1430438738000,233.25,869368774,deleted,bid
65595765,1430438738778,1430438738000,235.00,347460000,created,bid
65595628,1430438738790,1430438670000,236.22,678161334,deleted,ask
65595765,1430438738896,1430438738000,235.00,0,deleted,bid
65595693,1430438738897,1430438700000,235.00,1561737243,changed,ask
65595641,1430438739330,1430438675000,237.68,1382200000,deleted,ask
65595766,1430438739951,1430438739000,233.24,869392999,created,bid
65595766,1430438740015,1430438739000,233.24,869392999,deleted,bid
65595758,1430438740021,1430438735000,233.24,869390503,deleted,bid
65595767,1430438740088,1430438739000,236.04,2131272982,created,ask
65595086,1430438740664,1430438282000,233.29,1629684706,deleted,bid
65595768,1430438740869,1430438740000,238.65,407960121,created,ask
65595769,1430438741147,1430438740000,233.37,1824483259,created,bid
65595770,1430438741160,1430438740000,233.23,869421151,created,bid
65595761,1430438741181,1430438736000,235.64,1800000000,deleted,ask
65595770,1430438741324,1430438740000,233.23,869421151,deleted,bid
65595771,1430438741436,1430438741000,235.68,1800000000,created,ask
65595583,1430438741591,1430438630000,232.38,2494904539,deleted,bid
65595772,1430438742079,1430438741000,233.23,869456897,created,bid
65595772,1430438742197,1430438741000,233.23,869456897,deleted,bid
65595773,1430438742224,1430438741000,233.23,2452363515,created,bid
65595631,1430438742696,1430438671000,236.58,1520700000,deleted,ask
65595760,1430438743011,1430438735000,235.44,381640000,deleted,ask
65595402,1430438743256,1430438504000,236.76,1379510000,deleted,ask
65595774,1430438743369,1430438743000,235.43,367940000,created,ask
65595775,1430438743509,1430438743000,233.23,869446819,created,bid
65595775,1430438743631,1430438743000,233.23,869446819,deleted,bid
65595776,1430438743899,1430438743000,236.58,2905260977,created,ask
65595633,1430438744462,1430438671000,237.12,2797423748,deleted,ask
65595777,1430438744829,1430438744000,232.01,10000000,created,bid
65595778,1430438744842,1430438744000,233.23,869438839,created,bid
65595779,1430438744983,1430438744000,237.10,2341478619,created,ask
65595780,1430438745504,1430438745000,237.12,1751945129,created,ask
65595488,1430438745996,1430438566000,231.16,4395753536,deleted,bid
65595771,1430438746064,1430438741000,235.68,1800000000,deleted,ask
65595781,1430438746140,1430438745000,212.35,2070000000,created,bid
65595782,1430438746275,1430438745000,235.63,1800000000,created,ask
65595783,1430438746416,1430438746000,233.24,869401563,created,bid
65595784,1430438746566,1430438746000,254.57,80000000,created,ask
65595783,1430438746573,1430438746000,233.24,869401563,deleted,bid
65595785,1430438746707,1430438746000,232.38,1745334871,created,bid
65595654,1430438747171,1430438682000,232.23,3292146707,deleted,bid
65595774,1430438747816,1430438743000,235.43,367940000,deleted,ask
65595786,1430438747871,1430438747000,232.37,1749515857,created,bid
65595787,1430438748271,1430438747000,235.39,375440000,created,ask
65595788,1430438748412,1430438748000,232.23,3283947766,created,bid
65595789,1430438748555,1430438748000,233.24,869398767,created,bid
65595789,1430438748607,1430438748000,233.24,869398767,deleted,bid
65595656,1430438748863,1430438682000,232.07,7930745594,deleted,bid
65595790,1430438749468,1430438749000,232.07,7990130237,created,bid
65595647,1430438749995,1430438679000,237.99,7301685852,deleted,ask
65595791,1430438750624,1430438750000,237.99,8688157852,created,ask
65595792,1430438751296,1430438751000,231.16,2407842708,created,bid
65595778,1430438751673,1430438744000,233.23,869438839,deleted,bid
65595793,1430438751807,1430438751000,231.14,2988082836,created,bid
65594982,1430438752287,1430438222000,238.63,1545500000,deleted,ask
65595794,1430438752567,1430438752000,350.00,20000000000,created,ask
65595795,1430438752707,1430438752000,230.41,535282742,created,bid
65595796,1430438752845,1430438752000,238.63,1555568874,created,ask
65595649,1430438753426,1430438679000,238.82,1515739879,deleted,ask
65595797,1430438754115,1430438753000,238.82,2217704970,created,ask
65595784,1430438756143,1430438746000,254.57,80000000,deleted,ask
65595781,1430438756433,1430438745000,212.35,2070000000,deleted,bid
65595794,1430438756816,1430438752000,350.00,20000000000,deleted,ask
65595798,1430438758763,1430438758000,233.23,869438839,created,bid
65595718,1430438758798,1430438714000,234.08,50000000,deleted,bid
65595799,1430438759040,1430438758000,233.96,50000000,created,bid
65595787,1430438759602,1430438747000,235.39,375440000,deleted,ask
65595800,1430438759826,1430438759000,233.24,869395732,created,bid
65595691,1430438759872,1430438700000,236.15,21172983,deleted,ask
65595801,1430438759972,1430438759000,235.45,380790000,created,ask
65595800,1430438760050,1430438759000,233.24,869395732,deleted,bid
65595798,1430438760062,1430438758000,233.23,869438839,deleted,bid
65595802,1430438760129,1430438759000,234.55,466254529,created,bid
65595803,1430438760262,1430438759000,235.75,21208908,created,bid
65595803,1430438760392,1430438759000,235.75,0,deleted,bid
65595693,1430438760392,1430438700000,235.00,1540528335,changed,ask
65595804,1430438760589,1430438760000,236.02,21184645,created,ask
65595805,1430438760864,1430438760000,233.19,869594083,created,bid
65595806,1430438762055,1430438761000,233.22,869485483,created,bid
65595777,1430438762084,1430438744000,232.01,10000000,deleted,bid
65595806,1430438762113,1430438761000,233.22,869485483,deleted,bid
65595807,1430438763335,1430438763000,230.66,213000000,created,bid
65595808,1430438763599,1430438763000,233.23,783269757,created,bid
65595808,1430438763747,1430438763000,233.23,783269757,deleted,bid
65595809,1430438764248,1430438763000,233.22,783300563,created,bid
65595809,1430438764322,1430438763000,233.22,783300563,deleted,bid
65595810,1430438764526,1430438764000,240.23,223000000,created,ask
65595805,1430438764542,1430438760000,233.19,869594083,deleted,bid
65595811,1430438765805,1430438765000,243.45,27620000,created,ask
65595812,1430438765942,1430438765000,229.97,877999999,created,bid
65595813,1430438766348,1430438766000,212.35,2070000000,created,bid
65595814,1430438766599,1430438766000,254.57,80000000,created,ask
65595815,1430438766757,1430438766000,232.12,19800000,created,bid
65595816,1430438767256,1430438766000,240.95,811999999,created,ask
65595817,1430438768525,1430438768000,228.25,3225000000,created,bid
65595817,1430438770143,1430438768000,228.25,3225000000,deleted,bid
65595816,1430438770299,1430438766000,240.95,811999999,deleted,ask
65595812,1430438770511,1430438765000,229.97,877999999,deleted,bid
65595810,1430438770733,1430438764000,240.23,223000000,deleted,ask
65595807,1430438770942,1430438763000,230.66,213000000,deleted,bid
65595746,1430438771163,1430438729000,242.85,3290999999,deleted,ask
65595742,1430438771390,1430438728000,228.27,3292000000,deleted,bid
65595740,1430438771618,1430438727000,241.04,865000000,deleted,ask
65595737,1430438771839,1430438726000,230.00,827999999,deleted,bid
65595735,1430438772059,1430438724000,240.32,206000000,deleted,ask
65595734,1430438772288,1430438723000,230.69,256000000,deleted,bid
65595676,1430438772506,1430438690000,241.25,859000000,deleted,ask
65595674,1430438772704,1430438689000,230.11,810000000,deleted,bid
65594847,1430438772908,1430438143000,243.63,3272999999,deleted,ask
65594846,1430438773102,1430438142000,228.86,3233000000,deleted,bid
65594844,1430438773322,1430438140000,241.82,874000000,deleted,ask
65594842,1430438773733,1430438139000,230.59,899000000,deleted,bid
65594841,1430438773956,1430438138000,241.10,254999999,deleted,ask
65594840,1430438774172,1430438136000,231.28,282000000,deleted,bid
65595750,1430438774896,1430438731000,234.54,649486441,deleted,bid
65595755,1430438775432,1430438734000,235.39,838359833,deleted,ask
65595644,1430438776062,1430438676000,233.76,2528402515,deleted,bid
65595813,1430438776257,1430438766000,212.35,2070000000,deleted,bid
65595814,1430438776580,1430438766000,254.57,80000000,deleted,ask
65595779,1430438776613,1430438744000,237.10,2341478619,deleted,ask
65595801,1430438777133,1430438759000,235.45,380790000,deleted,ask
65595751,1430438777146,1430438732000,234.37,880824829,deleted,bid
65595818,1430438777371,1430438777000,233.23,869428671,created,bid
65595818,1430438777484,1430438777000,233.23,869428671,deleted,bid
65595819,1430438777524,1430438777000,235.62,381710000,created,ask
65595759,1430438777688,1430438735000,234.01,6300256284,deleted,bid
65595820,1430438777800,1430438777000,234.19,630270000,created,bid
65595821,1430438778315,1430438778000,234.37,902026639,created,bid
65595822,1430438778592,1430438778000,233.23,869439801,created,bid
65595823,1430438778858,1430438778000,235.39,744913798,created,ask
65595822,1430438779320,1430438778000,233.23,869439801,deleted,bid
65595762,1430438779445,1430438736000,235.64,2844760000,deleted,ask
65595824,1430438779878,1430438779000,233.24,869401563,created,bid
65595824,1430438779995,1430438779000,233.24,869401563,deleted,bid
65595825,1430438780021,1430438779000,235.44,474236035,created,ask
65595826,1430438780681,1430438780000,234.19,1012800689,created,bid
65595827,1430438780956,1430438780000,233.24,869401563,created,bid
65595828,1430438781231,1430438780000,235.62,2476800000,created,ask
65595829,1430438781879,1430438781000,234.01,5286650911,created,bid
65595830,1430438781891,1430438781000,233.24,869401563,created,bid
65595820,1430438782182,1430438777000,234.19,630270000,deleted,bid
65595773,1430438782291,1430438741000,233.23,2452363515,deleted,bid
65595819,1430438782506,1430438777000,235.62,381710000,deleted,ask
65595831,1430438782663,1430438782000,234.20,5000000000,created,bid
65595832,1430438782927,1430438782000,235.62,378000000,created,ask
65595833,1430438783069,1430438782000,233.72,2528835239,created,bid
65595767,1430438783426,1430438739000,236.04,2131272982,deleted,ask
65595834,1430438783837,1430438783000,233.25,235849056,created,bid
65595835,1430438784101,1430438783000,236.04,2131284644,created,ask
65595659,1430438784236,1430438683000,236.10,10000000,deleted,ask
65595834,1430438784498,1430438783000,233.25,235849056,deleted,bid
65595790,1430438784631,1430438749000,232.07,7990130237,deleted,bid
65595827,1430438784720,1430438780000,233.24,869401563,deleted,bid
65595830,1430438784723,1430438781000,233.24,869401563,deleted,bid
65595836,1430438784999,1430438784000,233.22,869461983,created,bid
65595837,1430438785262,1430438784000,233.29,1582524013,created,bid
65595782,1430438785551,1430438745000,235.63,1800000000,deleted,ask
65595776,1430438785650,1430438743000,236.58,2905260977,deleted,ask
65595838,1430438785777,1430438785000,235.61,1798000000,created,ask
65595815,1430438786129,1430438766000,232.12,19800000,deleted,bid
65595839,1430438786169,1430438785000,233.26,235849056,created,bid
65595840,1430438786307,1430438786000,212.35,2070000000,created,bid
65595841,1430438786447,1430438786000,236.56,4225260977,created,ask
65595842,1430438786585,1430438786000,254.57,80000000,created,ask
65595780,1430438786765,1430438745000,237.12,1751945129,deleted,ask
65595797,1430438787288,1430438753000,238.82,2217704970,deleted,ask
65595843,1430438787351,1430438787000,233.29,869215228,created,bid
65595843,1430438787382,1430438787000,233.29,869215228,deleted,bid
65595844,1430438787996,1430438787000,237.12,2773423748,created,ask
65595845,1430438788386,1430438788000,233.29,955370987,created,bid
65595788,1430438788426,1430438748000,232.23,3283947766,deleted,bid
65595832,1430438788902,1430438782000,235.62,378000000,deleted,ask
65595744,1430438789052,1430438729000,234.62,1320000000,deleted,bid
65595846,1430438789154,1430438788000,234.71,1320000000,created,bid
65595845,1430438789164,1430438788000,233.29,955370987,deleted,bid
65595745,1430438789208,1430438729000,236.57,1320000000,deleted,ask
65595847,1430438789288,1430438789000,232.23,3303737535,created,bid
65595848,1430438789445,1430438789000,235.62,370960000,created,ask
65595849,1430438789564,1430438789000,234.21,625620000,created,bid
65595850,1430438789831,1430438789000,232.07,7930745594,created,bid
65595851,1430438789840,1430438789000,233.29,869215228,created,bid
65595796,1430438790368,1430438752000,238.63,1555568874,deleted,ask
65595852,1430438790983,1430438790000,238.63,1963528995,created,ask
65595853,1430438791120,1430438790000,233.30,713308785,created,bid
65595854,1430438791513,1430438791000,232.44,5200000,created,bid
65595855,1430438791651,1430438791000,238.82,1796903186,created,ask
65595853,1430438791666,1430438790000,233.30,713308785,deleted,bid
65595665,1430438792039,1430438685000,230.67,7573567561,deleted,bid
65595856,1430438792165,1430438791000,233.29,713308785,created,bid
65595620,1430438792277,1430438666000,235.40,744913798,deleted,ask
65595857,1430438792679,1430438792000,230.67,8042560193,created,bid
65595849,1430438793056,1430438789000,234.21,625620000,deleted,bid
65595848,1430438793373,1430438789000,235.62,370960000,deleted,ask
65595858,1430438793583,1430438793000,233.31,869148930,created,bid
65595859,1430438793722,1430438793000,235.54,377740000,created,ask
65595840,1430438796151,1430438786000,212.35,2070000000,deleted,bid
65595842,1430438796447,1430438786000,254.57,80000000,deleted,ask
65595860,1430438797256,1430438796000,233.33,748426738,created,bid
65595245,1430438797343,1430438395000,232.79,40000000,deleted,bid
65595860,1430438797343,1430438796000,233.33,748426738,deleted,bid
65595858,1430438797576,1430438793000,233.31,869148930,deleted,bid
65595861,1430438798411,1430438798000,233.31,794946625,created,bid
65595861,1430438798539,1430438798000,233.31,794946625,deleted,bid
65595862,1430438799540,1430438799000,234.46,744913799,created,ask
65595846,1430438799654,1430438788000,234.71,575086201,changed,bid
65595862,1430438799658,1430438799000,234.46,0,deleted,ask
65595863,1430438799706,1430438799000,233.31,869144593,created,bid
65595863,1430438799808,1430438799000,233.31,869144593,deleted,bid
65595864,1430438800849,1430438800000,233.30,869188934,created,bid
65595864,1430438800888,1430438800000,233.30,869188934,deleted,bid
65595851,1430438801059,1430438789000,233.29,869215228,deleted,bid
65595856,1430438801061,1430438791000,233.29,713308785,deleted,bid
65595865,1430438801867,1430438801000,233.29,869574747,created,bid
65595865,1430438801902,1430438801000,233.29,869574747,deleted,bid
65595866,1430438803006,1430438802000,233.28,869604418,created,bid
65595859,1430438803130,1430438793000,235.54,377740000,deleted,ask
65595867,1430438803520,1430438803000,235.53,380600000,created,ask
65595868,1430438803786,1430438803000,234.21,630680000,created,bid
65595854,1430438803791,1430438791000,232.44,5200000,deleted,bid
65595866,1430438803911,1430438802000,233.28,869604418,deleted,bid
65595869,1430438804675,1430438804000,233.28,869631920,created,bid
65595869,1430438804716,1430438804000,233.28,869631920,deleted,bid
65595839,1430438805501,1430438785000,233.26,235849056,deleted,bid
65595870,1430438806191,1430438805000,212.35,2070000000,created,bid
65595871,1430438806455,1430438806000,230.78,271000000,created,bid
65595693,1430438806576,1430438700000,235.00,1540528335,deleted,ask
65595872,1430438806605,1430438806000,254.57,80000000,created,ask
65595873,1430438807629,1430438807000,240.30,204999999,created,ask
65595874,1430438807773,1430438807000,233.24,869749999,created,bid
65595875,1430438808566,1430438808000,229.44,3200000,created,bid
65595876,1430438808597,1430438808000,227.10,6400000,created,bid
65595877,1430438808721,1430438808000,232.26,5000000,created,bid
65595878,1430438809116,1430438808000,230.09,885000000,created,bid
65595874,1430438809386,1430438807000,233.24,869749999,deleted,bid
65595879,1430438809898,1430438809000,233.24,869765930,created,bid
65595880,1430438810291,1430438810000,241.02,886999999,created,ask
65595879,1430438810356,1430438809000,233.24,869765930,deleted,bid
65595623,1430438810604,1430438667000,235.43,93446035,deleted,ask
65595881,1430438810806,1430438810000,235.35,93446035,created,ask
65595882,1430438811085,1430438810000,233.24,869765930,created,bid
65595882,1430438811127,1430438810000,233.24,869765930,deleted,bid
65595883,1430438811607,1430438811000,228.36,3282000000,created,bid
65595868,1430438812113,1430438803000,234.21,630680000,deleted,bid
65595867,1430438812424,1430438803000,235.53,380600000,deleted,ask
65595884,1430438812507,1430438812000,233.23,869788681,created,bid
65595885,1430438812771,1430438812000,235.50,367120000,created,ask
65595886,1430438813052,1430438812000,242.83,3228000000,created,ask
65595887,1430438813427,1430438813000,224.17,12800000,created,bid
65595888,1430438813442,1430438813000,234.19,636650000,created,bid
65595889,1430438813456,1430438813000,220.66,25600000,created,bid
65595890,1430438813606,1430438813000,216.56,51200000,created,bid
65595891,1430438813876,1430438813000,233.24,869782829,created,bid
65595888,1430438814499,1430438813000,234.19,636650000,deleted,bid
65595885,1430438814817,1430438812000,235.50,367120000,deleted,ask
65595892,1430438815193,1430438814000,235.53,366490000,created,ask
65595893,1430438815338,1430438815000,234.71,451089953,created,ask
65595846,1430438815457,1430438788000,234.71,123996247,changed,bid
65595893,1430438815460,1430438815000,234.71,0,deleted,ask
65595894,1430438815779,1430438815000,234.21,623400000,created,bid
65595895,1430438816186,1430438815000,233.25,235849056,created,bid
65595872,1430438816259,1430438806000,254.57,80000000,deleted,ask
65595870,1430438816594,1430438805000,212.35,2070000000,deleted,bid
65595896,1430438819448,1430438819000,233.28,869623069,created,bid
65595804,1430438819645,1430438760000,236.02,21184645,deleted,ask
65595897,1430438819963,1430438819000,235.61,21221510,created,bid
65595897,1430438820079,1430438819000,235.61,0,deleted,bid
65595881,1430438820081,1430438810000,235.35,72224525,changed,ask
65595898,1430438820259,1430438819000,235.89,21196320,created,ask
65595899,1430438820557,1430438820000,233.31,632990698,created,bid
65595836,1430438821203,1430438784000,233.22,869461983,deleted,bid
65595846,1430438821470,1430438788000,234.71,123996247,deleted,bid
65595894,1430438821564,1430438815000,234.21,623400000,deleted,bid
65595900,1430438821727,1430438821000,234.63,1320000000,created,bid
65595892,1430438821866,1430438814000,235.53,366490000,deleted,ask
65595899,1430438822204,1430438820000,233.31,632990698,deleted,bid
65595901,1430438822256,1430438821000,236.56,1320000000,created,ask
65595902,1430438822399,1430438822000,235.53,381230000,created,ask
65595903,1430438822670,1430438822000,233.29,868759395,created,bid
65595904,1430438824516,1430438824000,233.29,630054706,created,bid
65595884,1430438825460,1430438812000,233.23,869788681,deleted,bid
65595905,1430438825712,1430438825000,233.30,868744641,created,bid
65595891,1430438825849,1430438813000,233.24,869782829,deleted,bid
65595838,1430438825942,1430438785000,235.61,1798000000,deleted,ask
65595906,1430438826235,1430438825000,235.68,1798000000,created,ask
65595907,1430438826382,1430438826000,234.48,377160000,created,bid
65595908,1430438826539,1430438826000,212.35,2070000000,created,bid
65595902,1430438826640,1430438822000,235.53,381230000,deleted,ask
65595909,1430438826677,1430438826000,233.33,868633123,created,bid
65595895,1430438826784,1430438815000,233.25,235849056,deleted,bid
65595909,1430438826788,1430438826000,233.33,868633123,deleted,bid
65595910,1430438826829,1430438826000,254.57,80000000,created,ask
65595911,1430438826979,1430438826000,235.65,380280000,created,ask
65595332,1430438827549,1430438462000,236.76,623410000,deleted,ask
65595912,1430438827904,1430438827000,235.86,632300000,created,ask
65595913,1430438828808,1430438828000,258.89,73100000,created,bid
65595913,1430438828924,1430438828000,258.89,875475,changed,bid
65595881,1430438828926,1430438810000,235.35,0,deleted,ask
65595913,1430438828956,1430438828000,258.89,0,deleted,bid
65595753,1430438828958,1430438732000,235.37,290349772,changed,ask
65595914,1430438829407,1430438829000,233.32,868656277,created,bid
65595906,1430438830738,1430438825000,235.68,1798000000,deleted,ask
65595914,1430438830760,1430438829000,233.32,868656277,deleted,bid
65595915,1430438830979,1430438830000,235.61,1798000000,created,ask
65595916,1430438831125,1430438830000,233.32,868654752,created,bid
65595907,1430438831241,1430438826000,234.48,377160000,deleted,bid
65595916,1430438831266,1430438830000,233.32,868654752,deleted,bid
65595917,1430438831653,1430438831000,234.36,373740000,created,bid
65595911,1430438831844,1430438826000,235.65,380280000,deleted,ask
65595918,1430438831918,1430438831000,233.32,868657153,created,bid
65595918,1430438832031,1430438831000,233.32,868657153,deleted,bid
65595919,1430438832184,1430438831000,235.53,374680000,created,ask
65595912,1430438832752,1430438827000,235.86,632300000,deleted,ask
65595920,1430438833101,1430438832000,235.68,636210000,created,ask
65595921,1430438833634,1430438833000,233.31,868669251,created,bid
65595823,1430438834001,1430438778000,235.39,744913798,deleted,ask
65595921,1430438834526,1430438833000,233.31,868669251,deleted,bid
65595825,1430438834530,1430438779000,235.44,474236035,deleted,ask
65584164,1430438834592,1430430754000,230.09,7173084445,deleted,bid
65584117,1430438834595,1430430732000,230.26,5800000000,deleted,bid
65584082,1430438834598,1430430713000,230.66,6300000000,deleted,bid
65584040,1430438834599,1430430694000,231.34,6400000000,deleted,bid
65583726,1430438834601,1430430505000,232.06,6500000000,deleted,bid
65595828,1430438835110,1430438780000,235.62,2476800000,deleted,ask
65595922,1430438835696,1430438835000,235.34,73100000,created,ask
65595915,1430438836177,1430438830000,235.61,1798000000,deleted,ask
65595753,1430438836207,1430438732000,235.37,290349772,deleted,ask
65595908,1430438836397,1430438826000,212.35,2070000000,deleted,bid
65595923,1430438836478,1430438836000,235.64,1798000000,created,ask
65595910,1430438836701,1430438826000,254.57,80000000,deleted,ask
65595924,1430438836874,1430438836000,235.37,291225247,created,ask
65595841,1430438837371,1430438786000,236.56,4225260977,deleted,ask
65595925,1430438837384,1430438837000,233.30,868701362,created,bid
65595926,1430438838028,1430438837000,235.67,2855080000,created,ask
65595835,1430438838461,1430438783000,236.04,2131284644,deleted,ask
65595917,1430438838562,1430438831000,234.36,373740000,deleted,bid
65595757,1430438838854,1430438735000,234.70,200000000,deleted,bid
65595927,1430438838914,1430438838000,234.42,380900000,created,bid
65595928,1430438839052,1430438838000,235.86,1317696320,created,ask
65595919,1430438839161,1430438831000,235.53,374680000,deleted,ask
65595929,1430438839323,1430438839000,233.30,237622402,created,bid
65595821,1430438839551,1430438778000,234.37,902026639,deleted,bid
65595930,1430438839600,1430438839000,235.60,378490000,created,ask
65595905,1430438839725,1430438825000,233.30,868744641,deleted,bid
65595925,1430438839727,1430438837000,233.30,868701362,deleted,bid
65595896,1430438839846,1430438819000,233.28,869623069,deleted,bid
65595756,1430438839851,1430438734000,234.70,30000000,deleted,bid
65595929,1430438839858,1430438839000,233.30,237622402,deleted,bid
65595920,1430438840114,1430438832000,235.68,636210000,deleted,ask
65595931,1430438840254,1430438839000,234.48,398351862,created,bid
65595932,1430438840392,1430438840000,233.30,868729839,created,bid
65595933,1430438840535,1430438840000,235.86,630010000,created,ask
65595934,1430438840808,1430438840000,234.37,880824829,created,bid
65595932,1430438840943,1430438840000,233.30,868729839,deleted,bid
65595935,1430438841338,1430438841000,234.72,93582924,created,bid
65595904,1430438841443,1430438824000,233.29,630054706,deleted,bid
65595936,1430438841470,1430438841000,236.04,1435900000,created,ask
65595826,1430438841928,1430438780000,234.19,1012800689,deleted,bid
65595937,1430438841983,1430438841000,233.29,38420899,created,bid
65595833,1430438842476,1430438782000,233.72,2528835239,deleted,bid
65595923,1430438842520,1430438836000,235.64,1798000000,deleted,ask
65595698,1430438842638,1430438703000,235.38,212422466,deleted,ask
65595938,1430438842769,1430438842000,235.67,1798000000,created,ask
65595939,1430438842782,1430438842000,235.62,212422466,created,ask
65595857,1430438843008,1430438792000,230.67,8042560193,deleted,bid
65595927,1430438843477,1430438838000,234.42,380900000,deleted,bid
65595940,1430438843578,1430438843000,233.31,868694462,created,bid
65595941,1430438843720,1430438843000,234.20,6012757444,created,bid
65595942,1430438843866,1430438843000,234.43,379330000,created,bid
65595930,1430438844062,1430438839000,235.60,378490000,deleted,ask
65595943,1430438844274,1430438843000,236.55,2840700000,created,ask
65595944,1430438844420,1430438844000,235.60,369810000,created,ask
65595940,1430438844590,1430438843000,233.31,868694462,deleted,bid
65595945,1430438844828,1430438844000,233.76,2528402515,created,bid
65595844,1430438845305,1430438787000,237.12,2773423748,deleted,ask
65595946,1430438846012,1430438845000,236.94,1682629596,created,ask
65595837,1430438846395,1430438784000,233.29,1582524013,deleted,bid
65595947,1430438846413,1430438846000,212.35,2070000000,created,bid
65595948,1430438846686,1430438846000,254.57,80000000,created,ask
65595582,1430438846942,1430438629000,232.59,2998125451,deleted,bid
65595949,1430438847619,1430438847000,233.29,4819631275,created,bid
65595938,1430438847701,1430438842000,235.67,1798000000,deleted,ask
65595901,1430438847800,1430438821000,236.56,1320000000,deleted,ask
65595950,1430438847886,1430438847000,235.68,1798000000,created,ask
65595951,1430438848154,1430438847000,236.55,1320000000,created,ask
65595952,1430438848167,1430438847000,237.12,1851945129,created,ask
65595942,1430438848300,1430438843000,234.43,379330000,deleted,bid
65595847,1430438848631,1430438789000,232.23,3303737535,deleted,bid
65595953,1430438848688,1430438848000,234.42,368670000,created,bid
65595954,1430438848702,1430438848000,233.29,868750446,created,bid
65595944,1430438848906,1430438844000,235.60,369810000,deleted,ask
65595955,1430438849356,1430438849000,235.60,373180000,created,ask
65595956,1430438849489,1430438849000,232.59,2958091056,created,bid
65595957,1430438849500,1430438849000,234.72,30000000,created,bid
65595786,1430438849862,1430438747000,232.37,1749515857,deleted,bid
65595958,1430438850149,1430438849000,235.77,804961793,created,ask
65595959,1430438850415,1430438850000,233.29,954860373,created,bid
65595960,1430438850567,1430438850000,232.37,1754513491,created,bid
65595961,1430438850582,1430438850000,234.72,200000000,created,bid
65595662,1430438851008,1430438684000,231.35,8251754690,deleted,bid
65595962,1430438851618,1430438851000,232.23,3283947766,created,bid
65595963,1430438852137,1430438851000,234.71,123996240,created,ask
65595855,1430438852163,1430438791000,238.82,1796903186,deleted,ask
65595935,1430438852254,1430438841000,234.72,0,deleted,bid
65595963,1430438852274,1430438851000,234.71,30413316,changed,ask
65595957,1430438852285,1430438849000,234.72,0,deleted,bid
65595963,1430438852287,1430438851000,234.71,413316,changed,ask
65595961,1430438852315,1430438850000,234.72,199586684,changed,bid
65595963,1430438852317,1430438851000,234.71,0,deleted,ask
65595964,1430438852368,1430438852000,233.29,868750446,created,bid
65595954,1430438852647,1430438848000,233.29,868750446,deleted,bid
65595959,1430438852661,1430438850000,233.29,954860373,deleted,bid
65595903,1430438852769,1430438822000,233.29,868759395,deleted,bid
65595937,1430438852807,1430438841000,233.29,38420899,deleted,bid
65595964,1430438852966,1430438852000,233.29,868750446,deleted,bid
65595793,1430438853238,1430438751000,231.14,2988082836,deleted,bid
65595965,1430438853393,1430438853000,233.26,869680594,created,bid
65595965,1430438853544,1430438853000,233.26,869680594,deleted,bid
65595953,1430438853571,1430438848000,234.42,368670000,deleted,bid
65595966,1430438853908,1430438853000,231.35,7969852204,created,bid
65595967,1430438853919,1430438853000,234.42,373360000,created,bid
65595955,1430438854124,1430438849000,235.60,373180000,deleted,ask
65595792,1430438854388,1430438751000,231.16,2407842708,deleted,bid
65595968,1430438854569,1430438854000,235.60,380110000,created,ask
65595969,1430438854958,1430438854000,231.16,4122801491,created,bid
65595970,1430438855100,1430438854000,231.15,877617455,created,bid
65595933,1430438855103,1430438840000,235.86,630010000,deleted,ask
65595971,1430438855488,1430438855000,235.76,622190000,created,ask
65595947,1430438856346,1430438846000,212.35,2070000000,deleted,bid
65595948,1430438856632,1430438846000,254.57,80000000,deleted,ask
65595972,1430438857639,1430438857000,231.17,877541528,created,bid
65595973,1430438858787,1430438858000,235.32,93489716,created,ask
65595950,1430438859382,1430438847000,235.68,1798000000,deleted,ask
65595974,1430438859666,1430438859000,235.66,1798000000,created,ask
65595975,1430438859821,1430438859000,231.17,877541528,created,bid
65595961,1430438860546,1430438850000,234.72,199586684,deleted,bid
65595976,1430438861085,1430438860000,231.17,877541528,created,bid
65595977,1430438861599,1430438861000,234.72,200000000,created,bid
65595978,1430438862237,1430438861000,231.17,877465602,created,bid
65595970,1430438862572,1430438854000,231.15,877617455,deleted,bid
65595967,1430438862620,1430438853000,234.42,373360000,deleted,bid
65595979,1430438863010,1430438862000,234.41,374850000,created,bid
65595968,1430438863220,1430438854000,235.60,380110000,deleted,ask
65595980,1430438863408,1430438863000,233.26,838273014,created,bid
65595976,1430438863486,1430438860000,231.17,877541528,deleted,bid
65595981,1430438863685,1430438863000,235.58,371060000,created,ask
65595982,1430438864968,1430438864000,233.27,272615033,created,bid
65595979,1430438865010,1430438862000,234.41,374850000,deleted,bid
